3092 5000
625 339 837 399 „37-

147 532 267 596 semper
290 514 355 577 fere
378 513 414 577 fit
437 517 505 577 eins
535 519 629 597 caput
658 515 809 598 pileatum
842 521 889 577 est
919 535 1098 598 corpusque
1122 515 1260 594 nudum,
1285 524 1321 577 nt

146 621 284 682 errnuohi
312 621 432 685 formae
455 623 604 705 cognosci
632 623 761 704 possint.
795 628 832 684 ut
854 622 889 683 iu
912 622 972 684 hoc
1001 622 1172 684 simulacro
1196 627 1320 705 tympa-

145 746 219 788 num
246 728 296 812 (cfi
322 727 353 791 C.
373 729 396 792 I.
416 728 450 793 L.
470 729 530 811 VI,
555 729 632 809 505)
663 735 694 793 et
716 729 836 812 pedum
862 729 911 811 (cf.
937 728 968 793 C.
992 728 1016 791 Ι.
1040 728 1074 793 L.
1098 729 1159 810 VI,
1186 731 1262 809 509)
1285 731 1319 791 in

145 835 294 898 manibus
319 836 423 916 hahet,
447 837 548 900 sicin
571 843 724 920 prostypo
748 837 950 920 elephantino
975 836 1319 900 bibliothecaeVatica-

144 961 201 1003 nae
224 943 259 1005 in
283 949 374 1007 tauro
399 944 512 1007 sedens
536 950 631 1027 atque
659 949 784 1026 praeter
812 945 922 1007 bracas
946 945 1073 1007 chitone
1097 949 1128 1007 et
1151 944 1319 1025 chlamyde

143 1050 276 1114 indutus
298 1052 417 1134 pedum
441 1058 472 1115 et
495 1053 670 1136 syringem‚
702 1052 820 1134 quibus
846 1053 1067 1115 instrumentis
1091 1057 1198 1134 pastor
1221 1052 1319 1134 signi-

142 1156 256 1220 ficatur
278 1178 380 1241 aeque
409 1178 446 1221 ac
474 1164 607 1222 venator
636 1161 669 1221 in
698 1161 843 1240 lucerua,
874 1161 909 1222 in
940 1179 1004 1242 qua
1033 1178 1108 1221 arcu
1132 1159 1318 1242 sagittisque

143 1266 318 1328 instructus
343 1270 390 1328 est
413 1284 552 1348 eumque
575 1266 663 1329 canis
687 1267 867 1349 sequitur.¹)
1022 1250 1027 1259 ⁵
1314 1282 1316 1287 ·

230 1372 320 1435 Haec
349 1373 461 1455 habui,
492 1373 610 1456 quibus
639 1374 677 1436 ad
709 1374 936 1437 illustrandum
970 1373 1104 1454 Cybeles
1137 1378 1168 1437 et
1197 1373 1317 1437 Attidis

143 1480 265 1542 cultum
288 1478 504 1544 Romanorum
528 1482 650 1563 aliquid
674 1481 818 1545 conferre
840 1502 932 1564 posse
955 1482 1087 1547 viderer.

142 1691 167 1741 p.
181 1675 234 1727 224
247 1677 299 1743 sq.)
313 1675 515 1744 diligentissimo
534 1675 680 1744 disputavit
699 1677 732 1728 de
751 1676 797 1729 illa
815 1676 928 1744 pulchra
941 1676 1039 1728 Attidis
1055 1676 1141 1745 figura
1159 1675 1317 1743 sarcophagi

143 1763 284 1829 Ostiensis,
305 1765 349 1817 cui
366 1764 502 1832 insculpta
521 1767 561 1817 est
579 1764 730 1834 inscriptio:
750 1765 862 1818 Numiui
881 1766 952 1819 Attis
972 1766 999 1819 C.
1014 1765 1140 1819 Cartilins
1158 1764 1263 1832 Euplus
1282 1781 1316 1817 ex

142 1853 246 1907 monitu
265 1855 342 1920 deae,
362 1853 490 1907 hocloco
510 1854 610 1908 sufficit
628 1855 686 1908 eius
706 1855 868 1909 mentionem
887 1856 982 1909 lacere.
1038 1838 1040 1843 ’

231 1943 260 2009 1)
280 1943 389 2012 Enoyol.
403 1941 479 1997 Paul.
500 1944 526 2010 1,
546 1945 576 2011 2,
596 1945 674 1996 2115.
694 1944 792 1997 Mionu.
804 1945 828 1995 V
842 1962 867 2012 p.
881 1944 940 1997 301.
955 1943 1043 2012 suppl.
1056 1944 1111 2010 IX,
1123 1944 1184 1996 231.
1204 1944 1237 1995 de
1257 1942 1316 1995 aliis

142 2030 255 2098 Cybeles
274 2035 300 2084 et
320 2032 419 2086 Attidis
437 2032 599 2102 imaginibus
618 2033 651 2086 ol.
666 2033 752 2102 Zoiiga
769 2033 943 2087 Bassiu'lievi.
964 2033 1062 2089 Mionn.
1076 2033 1124 2099 IV,
1144 2032 1205 2086 391.
1225 2032 1316 2085 Cohen

144 2120 195 2174 1ΙΠ
213 2139 238 2188 p.
253 2121 313 2175 439.
332 2121 398 2189 2lll‚
418 2122 478 2175 164.
498 2122 558 2180 223,
583 2122 773 2191 gravissimum
792 2126 882 2176 autem
901 2126 1104 2176 monumentum
1123 2123 1198 2175 extat
1214 2121 1243 2173 in
1261 2136 1315 2185 ara,

141 2226 221 2277 quam
242 2211 376 2264 dedicavit
397 2212 427 2267 L.
448 2211 586 2266 Cornelius
605 2212 692 2280 Scipio
713 2211 813 2265 Onitus
832 2213 871 2275 (C.
892 2212 960 2265 lin.
980 2195 1031 2280 lll,
1055 2212 1134 2279 505);
1163 2210 1316 2278 quodcum

56 2342 60 2348 .
142 2300 297 2368 saepissimo
317 2317 333 2354 a
351 2301 416 2354 viris
436 2302 520 2355 doctis
540 2301 708 2371 exploratum
727 2301 774 2370 sit,
798 2301 925 2355 hocloco
945 2302 978 2355 de
997 2318 1027 2354 eo
1046 2302 1125 2369 plura
1143 2301 1231 2353 dicere
1249 2300 1316 2352 mihi

142 2404 372 2456 supervacaneum
390 2406 449 2443 esse
461 2391 576 2446 videtur.
608 2391 741 2444 Haaclrhii
753 2394 844 2445 autem
863 2392 1006 2458 sententia,
1026 2392 1073 2459 qui
1091 2407 1125 2443 ex
1138 2390 1227 2443 verbis
1242 2388 1314 2442 Plut.
1367 2398 1369 2401 “

142 2497 166 2532 v.
181 2478 259 2532 Marii
276 2480 323 2533 ll:
348 2475 494 2548 Βαττὰκης
514 2524 519 2533 .
541 2524 545 2533 .
567 2524 572 2533 .
594 2476 778 2550 ἀπαγγέλλων
797 2475 831 2541 ὡς
852 2475 865 2548 ἡ
885 2474 950 2540 θεὸς
969 2482 998 2533 ἐκ
1017 2481 1070 2532 τῶν
1089 2473 1247 2549 ἀνακτόρων
1266 2480 1315 2549 ἐα-

141 2573 261 2637 θέγξατο
281 2565 365 2638 αὐτῷ,
385 2572 443 2624 tum
463 2588 497 2625 ex
516 2573 696 2625 monumentis
714 2572 792 2625 iuxta
810 2571 936 2624 Rhenum
955 2570 1080 2639 repertis,
1099 2570 1126 2622 in
1146 2569 1243 2638 quibus
1262 2569 1315 2621 duo

139 2660 264 2727 iuvenes,
291 2677 405 2728 quorum
429 2662 615 2730 unusquisque
639 2662 710 2715 Attis
736 2665 788 2728 est,
817 2662 1027 2730 conspiciuntur,
1056 2660 1228 2729 cogitandum
1256 2673 1315 2711 esse

140 2749 277 2803 concludit
296 2750 328 2802 de
348 2750 475 2804 fratribus
500 2767 566 2819 quos
590 2768 652 2804 cum
677 2751 815 2804 Dioscuris
840 2753 988 2819 comparat,
1011 2750 1147 2803 reicienda
1169 2751 1224 2815 est3
1252 2764 1314 2801 nam

140 2833 279 2908 ἀνάκτορα
298 2856 346 2907 por
358 2856 387 2893 se
406 2840 486 2892 etiam
505 2841 538 2892 ad
551 2839 665 2908 Cybeles
683 2842 710 2892 et
723 2840 822 2893 Attidis
842 2840 989 2893 sacrarium
1001 2841 1095 2893 rolem'
1107 2842 1220 2907 possunt
1235 2838 1315 2906 atquc

138 2929 167 2982 in
185 2930 365 2983 monumentis
383 2928 437 2983 illis
456 2930 558 2997 duplex
571 2930 670 2983 Attidis
688 2930 776 2999 imago
795 2930 823 2981 iu
841 2931 955 2998 utraque
974 2933 1049 2998 parte
1069 2947 1122 2983 non
1140 2930 1192 2982 nisi
1210 2931 1315 2996 praeter

81 3043 84 3048 ·
139 3019 324 3088 symmetriam
344 3019 407 3073 ficta
425 3021 466 3072 est
485 3020 599 3088 (verhdl.
619 3020 740 3074 (leutsch.
760 3019 886 3089 philolog.
906 3019 1128 3090 inStuttg.1857
1148 3037 1172 3088 p.
1188 3020 1240 3073 156
1252 3020 1312 3087 sq.).
