3092 5000
711 335 918 396 -οθ-

147 558 149 563 .
231 508 316 572 bolio
340 508 556 595 criobolioque
585 511 722 595 perfecto
753 510 834 573 XIV
862 510 932 574 Kal.
960 512 1044 593 Aug.
1069 511 1218 574 Gratiano
1242 512 1327 595 Aug.
1359 512 1418 575 III

231 623 262 680 et
283 612 434 699 Aequitio
459 617 644 683 consulibus
668 617 708 698 (d.
730 621 770 682 19
795 638 835 680 m.
855 617 930 680 Iulii
954 639 980 682 a.
1000 618 1078 700 374)
1102 638 1189 681 aram
1212 618 1349 682 dicavit:

236 722 267 786 O.
291 724 318 787 I.
340 723 379 787 L.
408 722 466 804 VJ,
491 726 570 789 499.

321 830 419 894 Porro
443 832 562 896 cadunt
584 833 618 895 in
642 852 761 896 annum
786 835 868 896 376:

232 938 293 1001 Illi.
319 936 351 1000 O.
374 938 402 1001 I.
424 937 463 1001 L.
491 937 549 1017 VI,
578 940 647 1002 504
671 943 701 1001 ot
721 940 797 1019 510,
822 959 959 1021 quorum
983 959 1084 1027 unum
1108 940 1225 1022 Ulpius
1248 938 1414 1022 Egnatius

230 1045 425 1108 Faventinus
442 1045 479 1108 V.
497 1044 529 1108 O.
549 1045 726 1113 taurobolio
746 1045 962 1129 criobolioque
980 1046 1025 1109 Id.
1037 1047 1120 1129 Aug.
1141 1047 1181 1127 (d.
1195 1049 1234 1112 13
1254 1066 1295 1109 m.
1307 1046 1412 1129 Aug.)

170 1228 172 1231 ι
231 1157 377 1235 percepto
395 1153 516 1234 posuit,
535 1153 671 1217 alterum
690 1152 802 1215 eodem
822 1152 872 1214 die
891 1152 1044 1216 Sextilius
1060 1154 1231 1236 Agesilaus
1245 1154 1412 1217 Aedesius

228 1257 309 1323 VS.
320 1259 495 1322 taurobolio
513 1259 729 1342 criobohoque
744 1261 778 1322 in
793 1265 957 1322 aeternum
973 1266 1102 1323 renatus
1114 1260 1162 1341 (cf.
1173 1281 1201 1343 p.
1213 1263 1264 1324 53.
1276 1264 1329 1324 57.
1342 1264 1410 1339 59).

319 1368 415 1430 Anno
439 1386 515 1429 vero
538 1374 609 1451 post
634 1368 753 1431 exarati
778 1373 869 1430 sunt:

230 1474 286 1536 Tit.
315 1472 347 1536 C.
374 1472 403 1535 Ι.
428 1471 468 1534 L.
496 1472 555 1551 VI,
583 1474 642 1535 511
664 1475 816 1536 metricus
838 1472 933 1536 Matri
958 1474 1054 1537 deum
1077 1472 1212 1556 Magnae
1235 1473 1350 1538 Idaeae
1377 1479 1411 1537 et

230 1580 333 1642 Attidi
356 1578 588 1660 Menotyranno
612 1600 631 1647 a
653 1579 770 1645 Sabino
790 1579 857 1643 IIII
880 1580 925 1644 Id.
945 1579 1035 1644 Mart.
1055 1581 1097 1663 (d.
1118 1582 1158 1642 12
1177 1601 1217 1644 m.
1235 1580 1355 1663 Martii)
1378 1587 1411 1644 et

230 1688 274 1750 tit.
299 1686 331 1749 O.
354 1685 382 1749 I.
403 1685 443 1749 L.
471 1685 530 1766 VI,
557 1686 768 1753 5000011010
792 1686 859 1750 deis
883 1708 901 1749 a
924 1685 1030 1750 Caelio
1053 1687 1218 1750 HilarIano
1242 1687 1281 1750 V.
1302 1687 1335 1750 C.
1355 1687 1409 1751 HI

230 1793 276 1863 Id.
296 1790 397 1856 Maias
421 1794 460 1873 (d.
484 1797 583 1858 13111.
603 1793 701 1877 Mai).

319 1900 471 1984 Sequitur
497 1902 542 1964 tit.
571 1899 603 1964 0.
626 1900 654 1965 Ι.
677 1900 716 1969 L.
744 1900 804 1980 VI,
831 1903 849 1962 1
857 1903 874 1963 7
877 1902 925 1963 80
947 1901 1062 1964 Fabiae
1084 1903 1226 1965 Aconiae
1250 1902 1409 1966 Paulinae

231 2007 425 2073 clarissimae
451 2008 602 2088 feminae,
630 2007 714 2077 tiliae
741 2008 857 2070 Aoonii
881 2006 1031 2070 Catullini
1054 2007 1093 2071 V.
1118 2007 1164 2088 (i,
1188 2011 1281 2072 uxori
1305 2009 1407 2073 Vettii

231 2114 425 2177 Praetextati
441 2113 479 2179 V.
491 2113 533 2195 0.,
558 2134 640 2196 quae
659 2115 768 2181 multis
788 2115 920 2178 deorum
944 2115 1141 2197 dearumque
1161 2117 1408 2180 sacris'initiata

230 2229 308 2303 erat,
332 2222 559 2285 tauroboliatae
582 2225 719 2306 positus3
744 2242 817 2286 oum
836 2241 911 2285 vero
930 2242 1048 2284 munus
1071 2223 1285 2305 praefecturae
1304 2224 1406 2306 urbis,

231 2347 295 2412 quo
319 2331 461 2392 coniunx
485 2330 554 2392 eius
578 2349 604 2391 a.
624 2330 689 2393 384
712 2328 842 2397 Iunctus
866 2337 914 2392 est
931 2328 1011 2412 (cod.
1031 2328 1212 2410 TheodVl,
1232 2333 1261 2411 5,
1281 2332 1311 2393 2.
1336 2332 1405 2393 cod.

231 2436 341 2501 lustin.
368 2438 396 2519 1,
423 2440 479 2519 ol,
505 2436 553 2520 5),
581 2437 616 2500 in
639 2436 731 2500 titulo
755 2441 1020 2502 commemoretur
1041 2436 1191 2520 idemque
1214 2438 1328 2501 consul
1351 2438 1406 2502 de-

133 2542 135 2545 ’
231 2546 375 2627 signatus
407 2546 589 2628 appelletur,
623 2563 687 2627 quo
719 2543 801 2608 facto
832 2545 896 2608 rita
926 2545 1061 2606 excessit
1093 2564 1175 2606 anno
1209 2545 1320 2607 eodem
1353 2548 1405 2609 rel

231 2653 377 2734 sequenti
386 2652 409 2730 1)
425 2638 554 2715 titulum
571 2657 715 2715 nostrum
735 2657 890 2718 nonanta
909 2653 1167 2716 038401001001
1186 2671 1254 2715 esse
1273 2660 1404 2717 constat.

321 2759 423 2822 Paulo
447 2764 518 2842 post
542 2764 629 2821 ortus
654 2765 701 2820 est
723 2759 768 2822 tit.
788 2756 877 2819 Ball.
898 2756 977 2819 iusi.
999 2757 1086 2820 arch.
1108 2759 1198 2820 1884
1217 2779 1253 2840 p.
1278 2762 1326 2821 56
1343 2781 1403 2841 sq„

232 2886 327 2949 quem
355 2868 499 2949 posuisse
528 2866 656 2934 videtur
683 2865 716 2928 II
740 2864 820 2929 Non.
848 2864 932 2947 Sept.
958 2866 1096 2928 Arcadio
1129 2871 1160 2928 et
1189 2866 1233 2929 Fl.
1259 2866 1405 2931 Bautcne

231 2972 270 3033 V.
283 2972 314 3036 C.
329 2974 515 3037 consulibus
530 2973 571 3056 (d.
588 2977 609 3036 4
627 2994 667 3037 m.
683 2972 765 3056 Sept.
784 2992 809 3034 a.
826 2974 902 3050 385)
913 2969 934 3052 ²)
954 2992 1037 3035 uxor
1056 2974 1184 3055 coniugi
1203 2994 1262 3036 suo
1276 2975 1403 3037 Alfouio

233 3078 360 3143 Ceionio
387 3080 512 3144 Iuliano
541 3079 695 3143 Kamenio
724 3099 807 3142 anno
837 3078 947 3142 XLIII
974 3086 1114 3161 mortuo,
1144 3100 1240 3162 quem
1268 3082 1403 3146 camdem

230 3187 330 3250 fnisse
357 3194 453 3269 atque
481 3189 572 3250 illum
600 3187 777 3267 Alfenum,
813 3187 852 3249 de
882 3206 945 3271 quo
975 3208 1071 3269 supra
1100 3188 1167 3250 dixi
1191 3189 1232 3271 (p.
1257 3188 1327 3271 25),
1349 3209 1402 3251 ne-

322 3402 349 3471 1)
368 3402 484 3455 Mortem
503 3400 561 3454 eius
579 3400 654 3470 luget
673 3399 854 3468 Symmachus
873 3416 932 3466 epp.
952 3398 988 3466 X,
1008 3398 1043 3452 30
1062 3415 1101 3468 sq.

320 3493 349 3560 2)
369 3478 524 3561 Sequuntur
542 3506 638 3544 versus
656 3489 846 3558 pulcherrimi:
1168 3471 1174 3483 ⁸

425 3582 495 3634 inter
512 3597 577 3635 aros
595 3595 762 3648 proavosque
780 3581 841 3631 tuos
861 3581 1038 3646 sanctumque
1057 3582 1193 3646 parentem

427 3671 558 3723 virtutum
577 3669 680 3722 meritis
699 3670 726 3722 et
743 3668 889 3722 honoribus
908 3668 1050 3734 emicuisti,

427 3762 614 3813 ornamentum
633 3760 727 3828 iugens
746 3758 852 3827 generis
870 3759 1013 3827 maganue
1032 3761 1155 3824 senatus3

426 3850 473 3903 sed
492 3851 584 3917 raptus
603 3864 714 3917 propere
732 3847 848 3916 liquisti,
868 3850 959 3901 sancta
978 3848 1100 3914 Kamani,

427 3941 548 3993 aeternos
566 3939 646 3992 fletus
665 3938 756 3992 obrens
775 3937 938 3991 iuvenihbus
957 3937 1041 3991 annis.

426 4031 453 4081 te
472 4028 558 4082 dulcis
578 4029 694 4083 coniunx
712 4027 831 4081 lacrimis
850 4029 996 4095 noctesque
1015 4027 1125 4095 diesque

427 4134 489 4172 oum
508 4118 598 4187 paruis
617 4118 698 4171 deflet
715 4116 786 4170 natis
805 4116 905 4170 solacia
923 4117 1003 4185 vitae,

427 4208 550 4262 amisisse
570 4208 663 4262 dolens
682 4211 755 4262 casto
775 4207 886 4260 viduata
904 4206 994 4280 cubili,

428 4314 496 4366 quae
515 4301 606 4352 tamen
624 4300 776 4351 extremum
794 4312 895 4348 munus
914 4296 1012 4349 solacia
1030 4295 1120 4349 luctus

428 4388 551 4442 omnibus
570 4387 704 4457 ohsequiis
723 4388 800 4441 ornat
819 4386 978 4455 decoratque
997 4385 1169 4462 sepulcrum„
