3092 5000
610 315 818 377 ..19-

217 490 365 575 Denique
388 496 484 554 restat
506 496 544 554 ut
567 491 670 554 dicam
694 491 733 554 de
756 491 801 554 tit.
827 489 912 574 (0.1.
929 489 964 553 (i.
983 492 1056 571 189)
1080 489 1111 553 0.
1130 490 1158 552 Ι.
1175 490 1216 553 A.
1232 490 1301 569 ΠΙ,

114 600 234 678 1062,
269 619 333 682 quo
367 617 525 662 consensu
563 604 691 662 senatus
727 599 974 681 quingentorum
1012 603 1163 681 prytanea
1202 596 1303 683 φυλῆς

113 695 325 785 Ἀντιοχίδος
344 705 558 790 Euphrosyne
581 710 738 789 prostatae
758 706 798 769 ob
822 708 934 769 merita
953 707 1021 769 eius
1041 710 1177 769 statuam
1196 706 1303 768 decre-

117 818 257 893 verunt,
281 832 355 876 cum
373 813 527 876 Aurelius
546 811 723 894 Dionysius
742 801 846 896 ἅρχων
866 806 964 897 ἱερεὺς
984 811 1120 899 Μητρὸς
1139 814 1227 876 θεῶν
1245 808 1301 875 καὶ

114 909 318 1007 'Ayorrqroi‘
349 926 424 984 erat.
467 920 632 1003 quaeritur
662 926 782 1000 autem,
823 920 895 1007 quis
929 920 1027 983 fuerit
1062 919 1233 1003 Agapetus.
1267 940 1303 982 ac

117 1027 309 1090 Bocclrbius
334 1027 463 1110 quidem
487 1033 594 1091 censet
607 1029 808 1091 Antoninum
823 1027 917 1090 Pium
942 1027 1192 1109 intellegendum
1215 1046 1301 1104 esse3

118 1139 268 1199 attamen
298 1132 521 1218 Dittcnbergor
543 1135 562 1198 l.
588 1135 607 1199 l.
633 1126 724 1199 recte*
748 1135 938 1198 contradicit
967 1134 1131 1198 Minervae
1162 1134 1303 1197 Poliadis

118 1262 245 1306 nomen
269 1243 353 1306 inter
374 1247 539 1325 prytanea,
570 1261 706 1325 quorum
735 1243 865 1305 nomina
884 1242 987 1305 titulo
1018 1242 1197 1325 subscripta
1219 1246 1304 1323 sunt,

119 1349 446 1430 innascibili,
468 1351 643 1414 1054-56
668 1351 822 1433 exceptis,
847 1351 903 1433 qui
926 1351 1087 1433 pertinent
1109 1350 1150 1413 ad
1173 1351 1302 1413 initium

119 1458 248 1522 saeculi
271 1458 369 1537 tertii,
392 1476 552 1540 nusquam
576 1463 738 1540 praeterea
760 1457 908 1539 reperiri3
943 1477 1006 1540 quo
1031 1457 1193 1537 accedere,
1217 1456 1303 1539 quod

119 1585 283 1648 pagorum
308 1566 483 1649 designatio
508 1565 597 1628 desit.
621 1565 730 1647 itaque
748 1565 897 1628 existimo
915 1565 1096 1647 Agapetum
1116 1584 1185 1628 esse
1203 1563 1303 1647 Septi-

121 1673 232 1735 mium
256 1672 418 1736 Severum.

218 1779 448 1863 Heliogabalus
471 1785 577 1844 autem
600 1780 740 1843 maxime
770 1779 905 1843 Matrem
928 1778 1079 1863 Magnam
1109 1780 1206 1843 simul
1229 1800 1304 1843 cum

122 1889 243 1951 ceteris
274 1887 322 1950 dis
354 1887 561 1951 orientalibus
569 1888 593 1970 ¹)
625 1889 731 1951 coluit.
764 1894 872 1951 namet
901 1889 986 1952 enim
1012 1889 1077 1952 Ael.
1102 1887 1304 1972 Lampridius

122 1996 158 2057 in
184 1995 254 2058 vita
277 1995 348 2058 eius
371 2014 395 2059 c.
418 2000 436 2058 7
459 2015 526 2058 non
548 1995 643 2058 modo
668 1994 780 2058 Matris
804 1996 899 2059 deum
927 2014 1017 2058 sacra
1044 2016 1118 2059 eum
1145 1996 1304 2078 accepisse

123 2108 226 2186 atque
254 2103 500 2166 tauroboliatum
528 2122 611 2185 esse,
639 2104 695 2167 sed
724 2123 760 2167 eo
790 2104 934 2166 insaniae
962 2106 1153 2187 processisse
1177 2107 1212 2184 (c.
1239 2103 1304 2186 28),

122 2215 162 2272 ut
187 2211 298 2273 leones
328 2210 389 2273 sibi
419 2212 555 2294 iungens
585 2210 719 2274 Matrem
747 2209 899 2294 Magnam
928 2230 962 2274 se
986 2212 1174 2294 appeMaret3
1209 2216 1305 2293 atque

124 2317 216 2400 apud
239 2318 318 2380 Aur.
344 2317 509 2381 Victorem
539 2337 585 2401 ep.
613 2320 654 2382 23
685 2318 823 2401 legimus
845 2318 937 2381 baec:
971 2319 1124 2381 vestalem
1146 2318 1305 2401 virginem

126 2426 222 2508 quasi
250 2426 451 2490 matrimonio
482 2425 618 2510 iungens
651 2444 710 2489 suo
741 2425 955 2509 abscissisque
987 2426 1179 2510 genitalibus
1211 2424 1305 2488 Matri

125 2552 159 2595 se
179 2531 317 2615 Magnae
340 2535 484 2598 sacravit.
508 2534 716 2597 nibilominus
732 2534 850 2620 nullus
873 2540 961 2598 extat
983 2534 1111 2616 titulae,
1135 2535 1191 2617 qni
1210 2535 1306 2597 acuti

127 2640 199 2703 cius
224 2640 323 2703 tribui
346 2645 456 2723 potest.
1354 2633 1356 2638 ¹

219 2747 325 2809 Annis
344 2746 453 2810 Severi
472 2746 675 2829 Alexandria
695 2750 895 2828 (ear—235)
908 2749 1108 2831 imperatoris
1126 2766 1183 2831 pro
1203 2748 1306 2810 salute

128 2854 199 2917 eius
232 2856 263 2917 et
293 2853 393 2916 Iuliae
420 2852 582 2917 Mamaeae
613 2855 793 2936 Augustae,
824 2856 918 2918 cuius
947 2874 1064 2918 nomen
1093 2855 1178 2918 baud
1209 2855 1305 2918 dubie

127 2960 364 3024 restituendum
388 2967 448 3043 est,
472 2966 504 3024 et
527 2962 640 3025 domus
660 2980 772 3025 eorum
791 2962 918 3024 divinae
936 2961 1095 3026 Basilicus
1114 2968 1145 3025 et
1163 2961 1305 3024 Mnasias

128 3068 319 3130 criobolium
336 3067 480 3131 focerunt
499 3077 530 3133 et
547 3069 608 3151 ipsi
627 3075 850 3152 susceperunt:
862 3068 886 3152 3)
907 3067 1306 3148 111011711182113

128 3175 161 3236 in
186 3174 298 3238 Africa
321 3181 471 3259 repertus.
505 3176 641 3239 alterum
664 3177 794 3240 titulum
824 3175 856 3239 C.
879 3175 907 3239 I.
930 3175 969 3240 L.
992 3175 1059 3257 IX,
1086 3177 1305 3239 153831111-

129 3284 312 3364 ventinum,
336 3303 400 3365 quo
419 3303 484 3346 non
503 3284 602 3347 multo
621 3286 811 3347 recentiores
831 3291 906 3347 sunt
924 3286 970 3348 tit.
994 3283 1026 3347 C.
1040 3284 1069 3347 I.
1081 3283 1121 3348 L.
1136 3283 1202 3364 IX,
1213 3285 1307 3346 1539

132 3390 270 3451 -1542
298 3390 403 3453 Attini
433 3398 464 3455 et
493 3391 656 3456 Mineruae
690 3391 902 3472 Berecyntiae
938 3393 1020 3455 sacri
1049 3397 1144 3475 atquc
1180 3393 1214 3455 in
1243 3393 1306 3455 aris

130 3496 356 3561 tauroboliacis
378 3498 543 3582 insculpti,
573 3498 604 3559 V
628 3499 674 3563 Id.
700 3500 801 3584 April.
825 3499 969 3563 Modesto
992 3500 1025 3562 Π
1049 3504 1080 3563 et
1102 3499 1209 3564 Probo
1231 3520 1306 3564 con·

130 3604 258 3669 sulibus
277 3603 319 3688 (d.
338 3608 357 3668 9
380 3626 421 3671 m.
438 3607 561 3690 Aprilis
585 3629 610 3672 a.
629 3606 707 3690 225)
726 3606 766 3671 ob
787 3607 975 3672 criobolium
993 3608 1112 3671 factum
1131 3606 1308 3672 Concordia

131 3708 194 3774 Col.
214 3710 268 3776 lib.
288 3711 437 3776 Ianuaria
460 3713 675 3795 cymbalistria
697 3716 767 3778 loco
791 3716 931 3779 secundo
954 3717 1069 3799 posuit.

220 3817 408 3901 Sequuntur
425 3823 470 3884 tit.
495 3820 526 3885 0.
540 3820 568 3885 Ι.
582 3821 621 3885 L.
635 3820 702 3902 IX,
720 3824 807 3884 3014
825 3822 988 3905 TeatinuS,
1008 3844 1072 3907 quo
1092 3824 1305 3887 taurobolium

133 3923 170 3988 de
193 3944 254 3990 suo
277 3926 352 3990 fecit
369 3927 539 3992 Petronius
559 3928 727 3993 Marcellus
750 3949 807 4013 pro
831 3932 933 3996 salute
956 3933 1183 4016 imperatorum
1202 3930 1305 3995 Maxi-

219 4084 246 4156 1)
268 4085 325 4139 aa.
338 4085 603 4155 epartnnteaae.
617 4087 751 4143 11111111
766 4089 808 4155 77,
822 4089 917 4142 1123.
932 4089 974 4157 711,
989 4091 1012 4143 7.
1028 4091 1069 4158 rs,
1083 4092 1108 4144 4.
1129 4072 1304 4159 1111111111.

134 4173 208 4231 Aiax.
228 4175 290 4229 siv.
310 4176 353 4231 26.
502 4237 503 4240 Ἴ

219 4265 247 4334 2)
268 4266 308 4319 De
327 4266 444 4319 numinis
464 4283 489 4320 v.
503 4266 629 4320 Mionnat.
646 4267 663 4321 l.
677 4267 695 4323 l.
708 4268 748 4321 IV
761 4286 786 4336 p.
800 4267 825 4322 5.

220 4354 248 4424 3)
270 4355 309 4410 Oi.
329 4358 433 4423 partem
452 4357 491 4410 IV
510 4375 536 4425 p.
556 4358 599 4411 57.
