3092 5000
723 320 934 382 ..30-

245 497 476 561 1538-1549
499 496 602 559 Attidi
625 503 656 559 et
678 496 842 560 Minervae
865 492 1074 577 Berecyntiae
1098 496 1243 562 dedicati.
1257 499 1279 577 ¹)
1329 498 1436 559 Attin

243 612 362 679 autern,
385 605 419 666 in
438 605 531 666 cuius
549 604 656 666 locum
675 622 767 687 saepe
786 604 896 683 311οεῖ)
916 603 1028 666 Graeci
1047 603 1260 684 substituunt,
1281 603 1437 668 Romani

242 732 315 774 cum
331 711 470 775 Hercule
489 711 668 774 confodisse
687 712 851 790 videntur3
878 732 941 794 quo
961 718 1105 795 spectant
1123 731 1160 776 ea
1180 732 1261 794 quac
1280 713 1437 794 legimns

242 819 326 902 apud
343 817 573 881 Tertullianum
596 825 622 899 1,
642 820 705 881 361
724 818 872 902 (Mignc):
901 819 1036 882 vidimus
1056 820 1226 900 aliquando
1246 825 1436 883 castratum

242 927 346 1006 Attin,
370 926 461 988 illum
481 925 576 988 deum
597 945 637 988 ex
657 925 861 1006 Pessinunte,
886 927 942 1008 qni
962 927 1056 988 viatus
1075 926 1218 1006 ardebat,
1241 925 1433 989 Herculem

242 1035 402 1113 Induerat,
426 1033 464 1095 ad
490 1052 584 1114 quem
609 1033 715 1094 locum
739 1032 783 1095 Le
807 1032 936 1112 Nourry
960 1032 1062 1095 addit:
1087 1034 1121 1094 in
1145 1033 1329 1096 crudelibus
1359 1034 1436 1095 illis

242 1141 429 1225 spectaculis
447 1141 591 1202 homines
611 1145 642 1202 et
660 1141 827 1203 sceleratos
846 1147 972 1223 sumpta
989 1141 1041 1202 rel
1056 1141 1175 1220 Atydis
1194 1142 1245 1203 vel
1265 1140 1433 1204 Herculis

241 1249 342 1311 forma
371 1253 605 1330 repraesentare
634 1254 804 1310 castratum
827 1249 917 1328 Atyn
940 1253 972 1310 et
995 1248 1106 1309 rivum
1133 1247 1306 1311 Herculem
1332 1268 1435 1312 com-

241 1355 409 1432 bustumi')
433 1355 603 1418 Herculem
624 1361 728 1417 autern
747 1355 846 1418 fuisse
865 1353 999 1435 Cybeles
1019 1356 1164 1418 comitem
1184 1375 1225 1418 ex
1243 1356 1339 1419 Paos.
1363 1355 1433 1428 IX,

245 1465 297 1544 19,
322 1465 378 1543 28,
409 1461 509 1525 Strab.
536 1460 582 1542 X,
613 1464 693 1542 473,
723 1459 815 1527 Diod.
841 1460 879 1544 V,
911 1464 952 1525 64
984 1462 1200 1545 intellegimus
1229 1463 1279 1545 (ef.
1309 1462 1431 1526 Stubr.

241 1571 513 1653 religionssystern
537 1570 565 1632 d.
584 1569 668 1634 Hell.
692 1591 720 1653 p.
741 1569 828 1651 432).

322 1677 454 1741 -Deinde
477 1678 517 1741 de
540 1677 798 1759 cognominibus
828 1697 910 1759 quae
934 1676 1027 1740 Matri
1052 1676 1186 1760 Magnae
1216 1677 1317 1739 indita
1342 1683 1431 1740 sunt

240 1786 487 1870 ascriptoribus
510 1791 541 1849 et
564 1787 597 1848 in
622 1786 802 1866 nummis,⁴)
826 1785 924 1849 verba
948 1787 992 1847 ita
1014 1785 1167 1848 faciamus
1191 1791 1240 1866 ut,
1265 1804 1330 1866 quo
1351 1785 1428 1868 ple-

241 1895 312 1957 nior
335 1893 523 1957 exhibeatur
546 1900 747 1976 conspectae,
778 1913 818 1955 ne
850 1893 1041 1956 Graecorum
1073 1893 1203 1974 quidem
1234 1893 1428 1954 testImoniu

240 2002 455 2084 negligamus3
481 2002 683 2084 reperiuntur
705 2002 797 2063 haec:

330 2107 413 2171 aaa
447 2103 614 2192 (Dpryr'or
645 2107 757 2171 Strabo
781 2107 827 2188 Χ,
858 2110 931 2171 469.
955 2106 1046 2187 Diog.
1070 2105 1104 2169 L.
1128 2106 1189 2187 VI,
1216 2112 1241 2169 1.
1283 2105 1424 2170 Luciam.

241 2236 335 2279 arnor.
355 2218 407 2278 4‘2.
431 2205 451 2301 ἡ
477 2210 601 2299 Φρυγία
625 2210 752 2296 δαίμων
771 2216 842 2278 Arr.
863 2221 932 2277 toot.
953 2217 1005 2293 33,
1025 2219 1053 2277 4.
1079 2214 1137 2276 dea
1159 2213 1301 2296 Phrygia
1322 2214 1424 2297 Verg.

241 2326 297 2387 Ae.
318 2323 394 2403 VII,
419 2325 470 2386 39.
502 2329 603 2385 mater
625 2322 768 2405 Phrygia
790 2321 911 2384 Arnob.
936 2321 983 2402 ΙΙ,
1010 2324 1059 2385 73.
1093 2311 1113 2406 1)
1135 2315 1269 2407 μεγίστη
1295 2321 1423 2408 Μήτηρ

240 2429 307 2493 {troi
330 2419 349 2517 ἡ
377 2424 499 2513 Φρυγία
523 2429 636 2492 Iulian.
656 2449 723 2513 epp.
744 2431 795 2492 21.
1148 2506 1152 2513 ⁸

327 2528 466 2599 'Idolo
490 2535 647 2620 (Idaea)
678 2535 790 2599 Strabo
817 2540 848 2614 1,
872 2540 923 2599 45.
954 2535 1001 2615 Χ,
1025 2538 1099 2599 469.
1141 2536 1216 2599 Eur.
1241 2535 1292 2600 Or.
1321 2539 1420 2600 1453.

241 2646 343 2728 Apoll.
359 2644 459 2707 erod.
478 2648 505 2725 1,
527 2646 621 2706 1128.
645 2641 737 2705 Dion.
756 2642 797 2705 H.
817 2643 858 2723 Il,
880 2647 928 2708 19.
954 2643 1047 2724 Verg.
1059 2644 1116 2707 Ac.
1130 2642 1172 2723 Χ,
1192 2645 1265 2706 952.
1289 2642 1420 2706 Lucret.

239 2752 280 2832 ll,
305 2754 377 2815 611.
408 2750 476 2813 Liv.
496 2749 628 2831 XXIX,
654 2751 703 2814 10.
742 2749 862 2831 Hygin.
882 2749 942 2812 fab.
976 2748 1114 2829 Hesych.
1135 2770 1158 2811 s
1178 2770 1206 2812 r.
1227 2750 1321 2832 Apul.
1341 2758 1418 2814 met.

238 2858 333 2940 VIII,
356 2861 399 2922 25
423 2858 483 2941 (ed.
507 2857 683 2938 Eyssenh.).

174 3019 178 3025 .
329 2963 580 3050 Δινδυμήνῃ
600 2964 886 3045 (Dindymene)
905 2964 1017 3027 Strabo
1032 2963 1074 3044 X,
1089 2967 1163 3027 469.
1186 2964 1304 3027 Herod.
1319 2965 1344 3044 Ι,
1364 2968 1417 3028 80.

238 3074 332 3138 Paus.
343 3072 416 3154 Vll,
430 3077 478 3152 17,
490 3075 517 3134 6.
541 3072 645 3155 Apoll.
656 3071 713 3135 Rh.
723 3072 748 3153 I,
763 3073 854 3135 1125.
879 3070 956 3133 Hor.
968 3072 1016 3133 od.
1028 3071 1053 3153 I,
1066 3074 1115 3152 16,
1127 3075 1154 3133 i).
1175 3071 1308 3135 Martial.
1321 3073 1350 3151 8,
1363 3075 1416 3135 81.

327 3178 556 3265 Σιπυληνι)
579 3179 691 3242 Strabo
715 3178 757 3260 X,
782 3182 855 3244 469.
891 3178 1011 3241 Eokhel
1037 3180 1065 3241 d.
1084 3200 1115 3242 11.
1134 3200 1164 3241 v.
1184 3179 1224 3254 II,
1249 3182 1322 3241 634.

326 3277 629 3373 Ἀσπορ[ὁ]ηνή
653 3286 764 3349 Strabo
788 3286 836 3366 X,
860 3289 933 3350 469.

329 3395 591 3474 Berecyntia
614 3398 749 3457 mater
767 3394 876 3477 (deum
896 3395 1053 3476 genetrix)
1073 3394 1166 3473 Verg.
1186 3395 1242 3458 Ac.
1262 3394 1318 3475 Vl,
1339 3397 1415 3458 784.

238 3502 356 3567 Arnob.
368 3501 407 3583 V,
427 3504 455 3565 9.
478 3504 526 3564 13.
552 3500 642 3564 Ovio.
659 3500 678 3564 f.
693 3500 749 3582 IV,
769 3503 841 3564 335.
866 3503 1002 3585 August.
1015 3503 1112 3565 dciv.
1124 3501 1152 3564 d.
1168 3500 1209 3581 ΙΙ,
1230 3504 1258 3564 4.
1283 3521 1414 3564 carmen

239 3610 306 3672 cod.
326 3609 424 3705 Paris
446 3610 532 3672 8084
552 3628 580 3671 r.
603 3610 642 3671 73
668 3608 790 3693 (Herm.
810 3608 866 3690 IV,
890 3611 976 3687 366).

328 3841 355 3910 1)
374 3839 477 3893 Preller
494 3843 559 3893 riirn.
580 3840 668 3908 myth.
688 3857 713 3908 p.
727 3840 787 3893 739.

327 3930 354 4000 2)
374 3916 524 3996 Bacchum,
546 3928 700 3996 Sabazium,
720 3929 797 3982 cuins
816 3932 901 3982 mater
920 3929 1019 3997 Cybele
1037 3929 1190 3982 nominatur
1208 3946 1223 3981 a
1242 3929 1372 3983 Strabone
1385 3931 1414 3984 X

238 4036 262 4088 p,
276 4019 330 4072 470
343 4037 391 4088 sq,
404 4020 505 4073 Panem
518 4020 551 4073 of.
564 4018 826 4073 Mueller-Wieseler
844 4019 861 4071 l.
875 4019 891 4072 l.
906 4020 959 4071 tab.
973 4019 1066 4073 XLIII
1078 4037 1104 4072 n.
1118 4020 1178 4073 643.
1198 4019 1307 4073 anian.
1321 4020 1413 4073 learn-

238 4110 353 4178 monipp.
368 4110 410 4176 27,
429 4108 714 4162 Hermen-Cadmilurn
733 4110 766 4163 of.
782 4109 868 4162 Conze
887 4107 1002 4162 archiol.
1017 4111 1068 4178 ztg.
1083 4109 1153 4163 1880
1171 4127 1196 4177 p.
1211 4111 1225 4163 1
1246 4126 1285 4177 sq.
1427 4107 1429 4110 ’

326 4200 353 4265 3)
372 4200 483 4253 Dissert.
498 4199 530 4253 de
549 4199 647 4253 Amob.
661 4199 679 4254 l.
694 4216 716 4253 c.
730 4199 766 4252 14
784 4201 833 4251 art.
848 4200 872 4251 2.
892 4214 949 4266 cap.
965 4197 999 4249 18
1017 4200 1067 4252 art.
1082 4198 1106 4250 1.

326 4291 354 4357 4)
373 4289 413 4342 Dc
439 4289 653 4359 cognominibus,
679 4304 747 4356 quae
771 4289 864 4340 insunt
888 4289 914 4340 in
934 4286 1020 4340 titulis
1044 4288 1077 4342 cf.
1095 4288 1211 4342 indicem
1236 4306 1256 4341 a.
1281 4306 1306 4342 r.
1325 4288 1414 4343 Mater

237 4379 343 4447 Magna.
