3092 5000
614 323 851 393 '—47-

146 511 208 593 (cf.
235 509 301 572 Liv.
327 508 459 589 XXIX,
484 510 512 571 8.
539 511 686 572 19-21.
716 507 849 588 XXXI,
876 510 924 570 12.
956 507 1153 589 XXXVIII,
1181 511 1235 588 44)
1266 528 1334 571 esse

145 618 306 696 relatum,
335 622 441 679 tamen
471 617 555 678 circa
577 616 693 679 Tiberii
717 622 851 678 aetatem
876 614 939 677 XV
962 616 1041 677 viris
1065 617 1253 698 Imperatum
1277 622 1333 696 111,

148 730 192 786 ut
212 724 414 806 providerent
432 724 534 785 cultui
552 724 753 805 peregrino.¹)
777 723 956 786 sacerdotes
975 728 1081 785 autem
1100 722 1139 784 ab
1158 723 1198 786 iis
1217 722 1333 785 oceaho

146 837 185 893 et
206 849 323 892 corona
341 829 558 892 iuduebantur
572 829 684 912 (Boiss.
695 849 723 911 p.
736 831 790 907 24)
810 835 906 910 atque
924 830 957 891 in
978 831 1022 891 tit.
1038 827 1070 891 C.
1087 828 1111 890 I.
1126 827 1159 892 L.
1175 828 1216 908 X,
1236 831 1333 910 3698,

148 956 223 1019 quo
243 936 351 1000 Cumis
374 938 408 999 in
431 938 538 1002 locum
557 935 706 1000 Restituti
730 936 902 999 sacerdotis
924 938 1041 999 mortui
1065 957 1083 998 1
1107 937 1333 999 decurionibus

146 1043 188 1107 L.
209 1043 376 1108 Secundus
399 1044 545 1108 sacerdos
561 1043 609 1117 fit,
633 1044 748 1107 tradita
764 1050 812 1107 est
829 1044 921 1106 nobis
938 1044 1085 1125 epistula,
1110 1063 1173 1126 qua
1192 1043 1256 1106 XV
1271 1045 1333 1106 riri

146 1153 236 1214 haec-
258 1152 320 1215 illis
344 1153 538 1215 rescribunt:

248 1279 321 1322 cum
345 1279 385 1322 ex
410 1260 545 1342 epistula
567 1264 671 1322 vestra
695 1259 939 1341 cognoverimus
963 1277 1085 1321 creasse
1109 1278 1166 1321 vos
1189 1260 1333 1322 sacerdo-

247 1381 311 1429 tem
341 1366 450 1429 Matris
481 1367 576 1430 deum
609 1365 768 1429 Licinium
801 1366 985 1429 Secundum
1015 1366 1049 1428 in
1080 1366 1186 1428 locum
1220 1365 1331 1429 Claudi

247 1472 396 1537 Restituti
420 1474 561 1537 defuncti
585 1474 641 1555 (1),
664 1473 841 1537 secundum
861 1473 1056 1537 voluntatem
1075 1472 1238 1557 vestram]
1263 1493 1332 1557 per-

248 1582 392 1657 misimus
415 1582 445 1644 ei
468 1581 586 1644 occabo
610 1592 641 1644 et
664 1600 782 1644 corona
812 1580 888 1644 dum
918 1586 1007 1643 taxat
1035 1581 1119 1643 intra
1144 1580 1225 1644 fines
1249 1582 1332 1644 colo·

230 1689 318 1760 ‚niae
341 1695 465 1752 vestrae
489 1690 544 1751 uti.

147 1815 275 1858 munus
294 1801 400 1860 autem
420 1796 705 1879 quindecimviralc
723 1793 951 1877 posterioribus
970 1795 1196 1876 imperatorum
1211 1800 1332 1878 tempo-

147 1903 247 1966 ribus
270 1904 309 1966 ad
338 1923 495 1966 summam
525 1904 670 1986 pervenit
699 1904 919 1965 auctoritatem
947 1907 1044 1984 atque
1072 1903 1133 1964 vlri
1163 1903 1332 1964 clarissimi

147 2011 189 2073 id
213 2010 378 2074 obierunt:

246 2117 348 2181 Iulius
371 2117 501 2180 italicus
520 2115 558 2179 V.
579 2115 611 2179 C.
643 2115 675 2179 C.
695 2116 718 2179 I.
738 2114 772 2178 L.
792 2116 854 2196 VI,
878 2118 951 2180 497.

246 2227 431 2288 Antoninus
454 2224 493 2288 V.
513 2223 545 2286 C.
570 2223 602 2287 C.
622 2224 646 2287 Ι.
665 2223 699 2286 L.
718 2224 779 2303 VI,
802 2225 877 2288 498.

247 2330 376 2395 Clodius
399 2332 677 2414 Hermogenianns
701 2331 739 2395 V.
760 2329 792 2393 C.
818 2330 849 2394 C.
869 2330 893 2393 I.
913 2329 946 2393 L.
966 2330 1027 2411 VI,
1051 2333 1124 2395 499.

247 2438 281 2515 Q.
301 2439 431 2504 Clodius
455 2439 628 2503 Flavianus
646 2438 685 2502 V.
710 2437 743 2502 C.
768 2437 896 2503 CIL.
922 2437 981 2519 Vl,
1006 2440 1079 2503 501.

245 2547 414 2611 Petronius
437 2548 652 2631 Apollodorus
675 2547 714 2609 V.
730 2546 766 2612 C.
791 2546 823 2610 C.
843 2546 867 2609 Ι.
887 2545 920 2608 L.
940 2545 1001 2628 Vl,
1025 2548 1099 2610 509.

245 2654 372 2718 Vettius
392 2656 531 2738 Agerius
552 2654 772 2717 Praetextatus
791 2653 830 2715 V.
850 2652 882 2716 C.
908 2652 939 2716 C.
957 2654 981 2716 I.
998 2653 1031 2716 L.
1042 2652 1098 2734 Vl,
1122 2657 1215 2716 1778.
1236 2656 1331 2716 1779.

246 2762 394 2825 Alienius
418 2761 566 2825 CeionIus
590 2760 736 2823 Iulianus
759 2760 935 2823 lia-menius
958 2760 992 2822 V.
1013 2759 1045 2822 C.
1072 2760 1233 2823 Bulletino
1258 2760 1331 2823 dell’

149 2871 173 2933 i.
195 2869 224 2933 d.
245 2889 269 2931 c.
289 2891 315 2932 a.
335 2869 363 2931 d.
382 2867 419 2931 R.
442 2869 528 2932 1884
550 2888 579 2950 p.
601 2869 641 2931 56
661 2887 729 2950 sqq.

245 2975 417 3059 Pompeius
427 2974 633 3037 Rusonianus
649 2974 761 3036 consul
773 2973 916 3035 Visconti
931 2992 1071 3036 nannum.
1092 2972 1207 3035 Gabini
1220 2994 1249 3056 p.
1260 2976 1331 3039 181.

245 3083 308 3146 XV
327 3085 388 3146 viri
411 3082 596 3145 nominibus
619 3082 744 3144 omissis
767 3081 869 3143 Boiss
893 3100 922 3163 p.
943 3083 994 3144 24.
1019 3078 1051 3143 C.
1070 3079 1094 3144 l.
1119 3078 1152 3142 L.
1172 3079 1233 3162 VI,
1257 3083 1331 3145 508.

150 3192 198 3273 X,
222 3192 317 3254 3698.
344 3191 438 3253 3699.

151 3305 294 3362 attamen
329 3297 496 3379 postremis
531 3297 721 3378 paganitatis
753 3294 949 3378 temporibus
984 3295 1133 3357 ultimum
1166 3294 1331 3357 arbitrium

150 3408 254 3469 fuisso
277 3405 361 3488 apud
384 3405 559 3486 principem
583 3404 695 3485 liquet,
725 3403 910 3485 praesertim
939 3421 1013 3464 cum
1041 3401 1130 3464 libris
1154 3401 1331 3484 Sibyllinis

153 3533 292 3596 quorum
316 3512 510 3574 mentionem
532 3509 653 3572 faciunt
677 3499 789 3591 quarto
820 3529 849 3591 p.
870 3507 940 3571 Chr.
967 3509 1095 3572 saeculo
1119 3507 1331 3588 Symmachus

152 3640 223 3703 epp.
238 3618 293 3699 IV,
313 3621 368 3699 34,
393 3617 455 3700 32),
474 3615 668 3679 Claudianus
688 3616 755 3678 db.
766 3636 795 3698 g.
816 3618 890 3696 230,
913 3615 1109 3678 Prudentius
1133 3616 1235 3698 apoth.
1256 3618 1330 3697 439,

151 3727 266 3790 deletis
289 3727 385 3789 etiam
408 3723 472 3786 XV
496 3725 638 3786 virorum
662 3724 833 3786 auctoritas
856 3724 980 3807 periret.

244 3833 340 3896 Nunc
358 3852 434 3896 vero
459 3831 688 3916 disputandum
712 3837 759 3894 est
783 3830 822 3893 de
845 3831 1062 3893 sacerdotibus
1080 3829 1146 3892 XV
1164 3831 1330 3913 1111111111,

150 3942 273 4025 quibus
291 3941 351 4003 hoo
369 3959 486 4004 nomen
504 3959 569 4002 non
587 3944 753 4022 propterea
775 3939 915 4000 inditum
934 3957 1016 4019 esse,
1041 3939 1118 4020 quia
1136 3959 1154 4000 a
1173 3937 1238 3999 XV
1251 3939 1330 4001 viris

244 4205 271 4275 1)
290 4206 330 4259 De
348 4205 403 4258 XV
422 4205 487 4257 viris
506 4221 531 4257 v.
544 4203 702 4272 Marquardt
721 4221 745 4271 p.
759 4203 813 4255 365
832 4219 888 4271 sqq.

243 4297 272 4362 2)
291 4296 326 4348 Et
343 4295 503 4347 Marciorum
523 4295 632 4362 quidem
650 4296 744 4346 vatum
764 4293 891 4346 divinatio
911 4292 1020 4344 caducis
1034 4291 1177 4343 corticibus
1193 4290 1329 4344 inculcata

148 4390 205 4452 est,
226 4386 342 4437 monitus
362 4385 495 4437 Cumanos
514 4383 595 4436 111111
613 4386 688 4435 texta
706 4384 888 4449 sumpserunt.
