3092 5000
729 307 937 370 ,10-

244 485 354 547 rostris
377 484 418 547 ad
445 485 601 569 populum
622 485 816 567 'loqueretur
845 485 939 567 eique
968 491 1088 549 metum
1117 484 1250 548 deorum
1280 485 1434 564 iniceret,

244 591 414 674 impeditus
438 598 485 655 est
508 593 681 675 quominus
703 591 737 654 id
761 597 869 675 ageret
891 612 909 654 a
932 591 1061 656 tribuno
1091 591 1193 675 plebis
1215 592 1302 655 Aulo
1326 590 1434 654 Pom-

1507 390 1509 437 ι

1509 455 1511 531 l

244 700 330 781 peio;
364 704 503 763 attamen
534 700 613 762 alter
642 699 793 762 tribunus
822 719 895 763 eum
926 700 1050 763 adiuvit
1080 706 1175 782 atque
1203 700 1434 783 interrogavit,
1509 790 1510 795 γ

246 804 325 888 quid
349 808 478 870 sentiret
502 806 540 870 de
564 806 641 870 aede
663 806 846 890 purganda3
881 826 976 890 quem
999 826 1073 870 cum
1095 806 1181 870 idem
1203 806 1270 870 fere
1293 806 1434 888 diceret,
1509 824 1510 831 ¹

142 915 144 919 ’
245 912 417 997 Pompeius
436 914 570 998 superbe
589 915 629 978 de
647 916 757 978 rostris
777 915 902 995 deiecit,
922 935 986 997 quo
1004 914 1088 977 facto
1107 934 1172 977 nou
1191 932 1233 995 se,
1253 914 1310 977 sed
1328 914 1433 977 deam

245 1020 364 1083 laesam
380 1040 448 1085 esse
465 1022 610 1085 sacerdos
624 1023 823 1085 exclamavit.
848 1028 878 1085 et
893 1029 1062 1105 postquam
1076 1022 1171 1105 paulo
1185 1028 1258 1104 post
1272 1021 1434 1084 tribunus

247 1127 354 1189 morbo
374 1127 505 1191 affectus
521 1130 587 1190 rita
602 1128 743 1209 decessit,
762 1130 880 1194 iustam
899 1148 967 1192 esse
985 1147 1119 1212 poenam
1137 1128 1287 1191 facinoris
1301 1128 1433 1211 vulgus
1509 1174 1511 1219 ,

247 1234 451 1298 existImavit.
483 1231 598 1319 διόπερ
627 1234 645 1298 d
673 1233 859 1323 Βοιτάκης,
893 1237 995 1319 pergit
1024 1234 1198 1316 Diodorus,
1226 1233 1337 1316 λαβὼν
1365 1235 1434 1321 τὴν

247 1340 443 1428 συγχώρησιν
462 1352 518 1427 τῆς
540 1341 625 1404 *sard
644 1343 701 1429 τὴν
721 1337 809 1427 ἱερὰν
828 1341 944 1429 στολὴν
962 1353 1162 1427 κατασκευῆς
1185 1339 1240 1404 καὶ
1265 1338 1433 1429 τιμηθεὶς

247 1443 428 1530 ἀξιολόγοις
458 1445 587 1527 ξενίοις,
617 1449 684 1513 ὑπὸ
707 1448 841 1513 πολλῶν
871 1447 994 1533 ἀνδρῶν
1016 1473 1051 1514 τε
1074 1447 1130 1513 κοιλ
1155 1462 1312 1532 γυναικῶν
1335 1472 1431 1535 προ-

246 1551 406 1643 επέμφθη
430 1556 488 1643 τὴν
510 1553 546 1619 ἐκ
569 1566 625 1642 τῆς
645 1546 768 1644 Ῥώμης
792 1554 954 1621 ἐπάνοδον
977 1556 1180 1637 ποιούμενος.
1205 1557 1291 1640 quod
1315 1563 1431 1620 autem
1511 1596 1512 1601 .

246 1661 437 1726 Plutarchus
452 1664 528 1727 dicit
542 1664 694 1728 Battacen
710 1667 802 1728 iussu
817 1664 894 1728 deae
910 1664 1062 1728 Romanis
1079 1666 1241 1728 victoriam
1255 1665 1432 1727 nuntiasse

248 1776 277 1833 et
302 1770 429 1851 deinde,
458 1791 530 1835 cum
560 1777 633 1836 ante
658 1773 814 1856 populum
841 1773 939 1836 verba
960 1773 1063 1836 facere
1086 1773 1196 1853 vellet,
1226 1792 1245 1834 a
1268 1770 1430 1853 Pompeio

247 1878 446 1941 nominatum
479 1899 547 1942 esse
575 1876 720 1966 οἷνύρτην,
753 1881 837 1944 clare
869 1882 1059 1964 perspicitur
1090 1880 1130 1943 ab
1161 1899 1197 1942 eo
1226 1879 1431 1962 permistum

248 2004 316 2048 esse
339 1992 484 2049 nostrum
507 1986 661 2050 Battacen
685 2007 758 2050 oum
786 1988 855 2067 illo,
889 1989 944 2070 qui
968 2008 986 2050 a
1009 1986 1145 2068 Polybio
1168 1987 1188 2050 l.
1214 1987 1233 2049 l.
1259 2006 1324 2048 una
1348 2005 1429 2048 cum
1512 2006 1513 2013 ¹

248 2091 358 2155 Attide
382 2094 565 2176 appellatur.

338 2198 407 2263 Etsi
425 2203 559 2264 vetitum
578 2208 644 2265 erat
663 2203 748 2265 cives
772 2201 931 2265 Romanos
954 2202 1128 2265 sacerdotio
1152 2201 1263 2264 Matris
1286 2199 1429 2283 Magnae

250 2305 341 2389 fungi
365 2304 469 2390 (Dion.
489 2308 534 2389 ΙΙ,
562 2308 627 2391 19),
657 2314 763 2372 tamen
792 2309 855 2370 iam
879 2329 904 2373 a.
923 2329 954 2372 u.
974 2328 998 2370 c.
1020 2310 1083 2372 653
1107 2329 1133 2370 a
1158 2307 1228 2370 Chr.
1254 2308 1315 2371 101
1342 2307 1428 2368 civis
1513 2326 1514 2333 ¹

247 2410 411 2476 Romanus
429 2414 533 2497 gallus
551 2415 654 2479 factus
673 2417 753 2495 est.¹)
778 2414 1002 2478 Pessinuntem
1019 2434 1096 2477 vero
1116 2415 1264 2477 adimunt
1277 2412 1428 2494 Romani,

248 2527 284 2583 ut
308 2497 384 2585 deae
403 2527 476 2585 vota
499 2524 658 2587 solverent
677 2523 756 2605 (Val.
776 2523 818 2585 M.
833 2523 858 2604 I,
876 2527 901 2586 1.
926 2522 1102 2588 Mommsen
1116 2521 1152 2587 R.
1170 2522 1204 2585 G.
1223 2522 1269 2585 6Π
1287 2543 1316 2606 p.
1332 2519 1429 2607 421),
1514 2605 1515 2612 ἵ

249 2632 346 2711 atque
364 2630 573 2693 sacerdotium
593 2632 699 2714 ipsum
714 2636 781 2693 erat
799 2636 862 2694 tam
881 2650 977 2714 grave
988 2628 1178 2714 (Mommsen
1192 2630 1212 2693 l.
1223 2631 1243 2693 l.
1254 2631 1286 2694 ΙΙ
1298 2652 1327 2714 p.
1339 2631 1428 2710 156),

249 2739 286 2797 ut
316 2735 349 2799 P.
375 2735 505 2800 Clodius
535 2737 674 2801 Pulcher
701 2738 799 2820 Appii
828 2737 928 2817 filius,
961 2738 1013 2799 cui
1042 2735 1193 2800 Cicerone
1223 2739 1257 2799 in
1287 2738 1428 2802 exilium

250 2844 383 2926 expulso
413 2846 549 2927 pecunia
582 2865 661 2928 opus
693 2851 759 2908 erat
792 2845 831 2908 ad
863 2863 913 2907 res
943 2844 1110 2927 gerendas,
1143 2844 1236 2926 illud,
1270 2848 1426 2927 quoniam

249 2951 388 3013 multum
410 2953 512 3016 valuit
533 2954 568 3015 in
590 2953 777 3036 provIneiis,
800 2952 966 3036 Brogitaro
986 2951 1127 3016 Deiotari
1149 2971 1266 3035 genero
1285 2955 1427 3035 pecunia

249 3058 362 3140 grandi
381 3061 547 3142 venderet,
571 3061 610 3123 ad
635 3080 732 3142 quam
754 3081 821 3123 rem
845 3061 953 3124 Cicero
977 3062 1011 3123 in
1035 3061 1175 3123 oratione
1197 3079 1254 3143 pro
1273 3058 1426 3123 Deiotaro

250 3163 357 3229 habita
389 3166 544 3251 61166112)
576 3168 662 3231 idem
695 3166 825 3231 Clodius
858 3168 983 3231 duobus
1015 3169 1106 3229 annis
1136 3172 1208 3249 post
1234 3168 1282 3250 (u.
1307 3187 1332 3230 c.
1358 3169 1425 3232 698

252 3291 276 3334 6.
302 3271 372 3336 Chr.
399 3276 451 3355 56)
486 3280 597 3357 quarto
631 3275 682 3338 die
709 3296 750 3340 m.
785 3276 906 3358 Aprilis
935 3275 1054 3338 curulis
1088 3274 1199 3337 aedilis
1231 3274 1326 3337 ludos
1359 3277 1426 3358 egit

251 3377 346 3442 Matri
368 3380 548 3466 Magnael)

341 3487 401 3551 Sed
425 3491 577 3553 ulmirum
600 3491 635 3553 in
657 3490 821 3573 republica
838 3488 981 3553 Romana
1005 3496 1106 3571 erant,
1130 3491 1187 3573 qui
1205 3489 1425 3573 intellegerent

252 3594 374 3657 cultum
397 3595 507 3660 Matris
530 3597 666 3681 Magnae
690 3617 731 3661 ex
754 3617 842 3661 more
864 3598 1041 3660 Incolarum
1071 3598 1273 3661 orientalium
1295 3598 1424 3660 instItu-

252 3707 320 3764 tum
344 3705 461 3787 populo
489 3724 619 3783 nocere3
650 3710 746 3788 atque
777 3710 885 3768 extant
912 3705 1085 3789 fragmenta
1108 3705 1275 3787 Varronis
1304 3705 1423 3788 quibus

342 3919 370 3986 1)
389 3918 449 3972 Val.
461 3917 498 3972 M.
509 3919 570 3986 VH,
585 3919 609 3986 7,
623 3918 648 3972 6.
668 3918 700 3971 of.
714 3918 734 3971 I.
751 3917 866 3986 Obsequ.
880 3919 916 3971 44
929 3918 981 3986 (ed.
992 3918 1068 3971 Iahn.
1079 3935 1104 3986 p.
1116 3919 1179 3985 126)
1193 3918 1226 3971 ad
1245 3934 1268 3970 a.
1282 3935 1308 3970 u.
1323 3936 1345 3971 6.
1356 3918 1421 3971 652;

253 4024 348 4061 servus
368 4008 399 4073 Q.
410 4007 517 4061 Servilii
535 4007 673 4076 Caepionis
692 4008 771 4061 Matri
789 4009 885 4062 Idaeae
905 4025 933 4060 se
952 4007 1081 4076 praecidit
1099 4011 1125 4060 et
1143 4011 1216 4060 trans
1235 4024 1308 4060 mare
1327 4022 1421 4076 expor-

253 4099 340 4165 tatus,
359 4115 393 4151 uo
412 4114 542 4167 umquam
559 4098 660 4152 Romae
678 4101 867 4152 reverteretm¹.

342 4188 371 4255 2)
391 4187 444 4242 Cio.
455 4187 488 4240 de
499 4187 557 4242 har.
569 4204 638 4256 resp.
651 4188 692 4256 13,
703 4188 745 4241 28.
756 4205 804 4257 pro
814 4187 881 4242 Sest.
891 4186 934 4255 26,
947 4187 991 4241 56.
1005 4187 1037 4240 of.
1048 4203 1107 4254 opp.
1115 4187 1148 4239 ad
1159 4186 1208 4251 Qu.
1219 4187 1250 4239 fr.
1260 4186 1295 4253 H,
1310 4187 1325 4238 7
1337 4186 1386 4254 (9),
1397 4186 1420 4237 2.

342 4278 372 4347 3)
390 4277 515 4347 Prodigia
533 4280 722 4332 commemorat
740 4278 813 4332 Cass.
832 4277 883 4331 Dio
902 4278 935 4331 ad
954 4293 977 4331 a.
991 4294 1017 4331 u.
1031 4294 1053 4332 6.
1068 4277 1118 4331 111
1138 4276 1155 4330 l.
1169 4275 1267 4346 XLVI,
1289 4275 1324 4331 33
1344 4279 1371 4331 et
1388 4273 1420 4327 ad

254 4382 277 4423 a.
291 4384 318 4421 u.
332 4385 353 4421 6.
367 4368 419 4422 716
437 4367 454 4424 l.
468 4366 599 4438 XLVIII,
617 4368 660 4422 43.
