3092 5000
241 529 305 592 Vll
337 528 432 593 KAL.
465 529 560 593 APR.
594 528 850 611 1555555151)
884 548 979 612 quern
1012 530 1111 611 diem,
1143 550 1217 592 cum
1246 531 1330 592 iuter

152 637 350 701 Hilaricrunr
388 639 552 701 lasciviam
584 644 616 700 et
646 638 815 725 lavationis
852 636 1088 719 tauroboliique
1121 638 1328 700 caerimonias

152 746 274 826 pesitus
298 747 352 826 sit,
383 746 424 808 ad
448 745 558 808 Matris
581 744 716 828 Magnae
740 765 829 808 sacra
849 744 1054 833 referendum
1078 764 1146 808 esse
1169 745 1328 807 intellexit

153 851 382 932 Mcnrmscnus,
406 854 465 915 etsi
489 852 616 915 nullum
639 857 727 914 extat
750 852 974 914 testimonium.

241 960 288 1022 rr
312 959 408 1023 515.
433 959 527 1022 Aru.
551 958 754 1037 555555
787 944 949 1022 lavacrum
977 960 1011 1020 in
1034 958 1168 1023 55155
1192 960 1328 1022 Almone

153 1067 212 1131 suh
232 1087 309 1130 cura
327 1067 391 1130 XV
410 1070 552 1130 virerum
570 1065 688 1130 factum
709 1073 769 1147 est,
793 1067 833 1129 ad
853 1086 949 1149 quem
968 1067 1049 1149 lapis
1069 1086 1157 1130 sacer
1178 1072 1327 1149 argenteo

153 1176 254 1258 capite
276 1175 413 1237 femineo
438 1174 571 1236 indutus
595 1172 705 1256 (Prud.
725 1198 763 1235 π.
784 1194 876 1259 scarp.
895 1172 941 1255 X,
965 1175 1034 1236 153.
1065 1172 1170 1257 Zcega
1192 1172 1327 1237 Bassiri-

153 1283 229 1346 lievi
252 1282 281 1362 I,
307 1283 360 1361 89)
383 1301 499 1364 pompa
523 1281 706 1345 ducebatur.
754 1282 894 1363 denique
917 1282 1063 1362 sequitur
1087 1302 1089 1306 ·

240 1388 272 1449 V
295 1387 390 1452 ΚΑΒ.
415 1387 509 1451 APR.
534 1387 705 1451 INITIVM
729 1387 889 1451 OAIANI.
922 1387 1139 1451 Mommsenus
1158 1386 1204 1471 (G.
1219 1387 1243 1450 I.
1260 1386 1293 1451 L.
1304 1388 1327 1450 I.
1411 1443 1413 1445 ,

151 1517 180 1580 p.
201 1498 277 1575 390)
298 1497 445 1580 exposuit
467 1497 501 1558 iu
525 1498 609 1559 circe
630 1495 750 1561 Gaiano
769 1502 857 1559 trans
874 1495 1013 1558 Tiberim
1033 1497 1067 1558 in
1087 1494 1240 1559 Vaticana
1260 1496 1329 1577 sita,

153 1605 241 1687 quud
270 1624 388 1667 nomen
411 1624 430 1666 a
453 1603 598 1688 Caligula
625 1605 746 1687 accepit
775 1602 854 1687 (Diu
878 1601 987 1684 (159,
1014 1606 1083 1684 14),
1114 1603 1330 1666 tauroboliaca

152 1731 243 1775 sacra
261 1711 383 1774 urbana
400 1718 527 1795 peracta
545 1731 614 1775 esse
633 1719 664 1775 et
682 1712 769 1794 quad
788 1712 822 1774 in
842 1711 968 1774 curicsc
987 1717 1019 1774 et
1036 1712 1234 1795 notitia(reg.
1245 1709 1327 1773 XIV

153 1819 191 1882 cf.
204 1840 232 1901 p.
245 1819 301 1901 62)
321 1818 477 1881 Gaianum
497 1826 528 1882 et
545 1818 571 1882 F
572 1820 730 1903 rigianunr
746 1820 775 1899 (i.
788 1838 812 1882 e.
832 1820 1007 1882 sacrarium
1025 1818 1137 1882 Matris
1156 1817 1329 1902 Phrygiae)

153 1927 425 2010 coniungerentur
448 1932 478 1989 et
501 1926 586 2008 quud
607 1941 768 1989 sacrorum
792 1926 1080 1989 tauroboliacurum
1103 1927 1138 1988 in
1156 1926 1329 2009 provinciis

153 2034 192 2096 ad
219 2020 306 2097 urbis
341 2034 523 2117 exemplum
554 2035 774 2097 instituturum
804 2035 893 2097 luens
925 2035 1001 2097 item
1031 2034 1184 2117 appellari
1216 2033 1330 2097 soleret

152 2141 337 2205 Vaticanus,
380 2162 576 2225 quamquam
599 2144 700 2225 capite
724 2141 753 2201 V
778 2142 942 2205 ostendam
966 2142 1095 2204 alteram
1120 2160 1248 2204 causam
1273 2143 1329 2203 vir

153 2255 237 2312 stare
258 2268 365 2332 posse,
389 2254 494 2312 tamen
519 2251 677 2312 sententia
699 2251 769 2333 ipsa
791 2249 869 2311 mihi
892 2249 1052 2331 probatur.

242 2358 291 2419 Ac
315 2356 465 2420 delestis
489 2356 625 2439 quidem·
643 2356 755 2419 dicbus
778 2357 855 2420 satis
878 2355 1014 2419 arbitror
1039 2355 1168 2418 dictum.

244 2587 270 2655 1)
289 2587 357 2641 Mihi
376 2587 433 2641 dies
451 2586 545 2640 Matris
564 2586 677 2656 Magnae
696 2588 778 2640 festos
797 2586 950 2641 accuratius
968 2585 1133 2655 perquirenti
1145 2584 1223 2639 valde
1242 2584 1330 2653 placet

154 2677 269 2730 Haalrhii
282 2676 397 2743 (verhdl.
412 2676 556 2730 deutschen
574 2675 725 2745 philulngen
745 2676 773 2729 in
786 2676 920 2747 Stuttgart
932 2675 1001 2730 1857
1015 2693 1040 2744 p.
1055 2675 1107 2729 156
1120 2675 1170 2744 sq.)
1189 2674 1329 2741 sententia,

155 2766 201 2834 qui
220 2768 311 2819 censet
329 2766 400 2819 diem
426 2767 526 2819 festum
549 2769 684 2832 nastrum,
713 2781 793 2833 quam
816 2763 1182 2833 5551555555,,,Κ5555551ιι
1200 2764 1329 2832 originem

155 2872 207 2909 non
225 2855 341 2909 traxisse
360 2871 376 2909 a
395 2854 594 2923 Saturnalibus,
620 2855 668 2909 sed
686 2855 720 2909 ab
738 2854 890 2920 Hilaribus3
915 2870 984 2923 quae
1008 2853 1130 2922 sequitur
1148 2853 1205 2907 dies
1224 2854 1329 2922 requie-

154 2945 235 2998 tionis
253 2960 337 3012 aeque
353 2960 384 2998 aa
399 2947 521 2998 nostrum
540 2942 710 3012 „KarnevaM
724 2944 794 3011 dies,
813 2943 857 2997 cui
873 2959 969 2997 namen
982 2946 1024 2997 est
1042 2943 1329 3010 „Aschermittwuch‘t

154 3034 226 3103 qued
244 3034 268 3087 si
286 3033 362 3088 nohis
381 3050 539 3102 persuasum
559 3036 600 3087 est
619 3034 671 3087 iam
691 3050 744 3086 nan
762 3049 830 3101 epus
849 3036 890 3087 est
914 3033 1034 3101 accipere
1053 3031 1204 3086 Saturnalia
1222 3036 1330 3100 prepter

154 3124 226 3177 dienr
244 3123 342 3176 festum
363 3122 573 3176 Christianarum
592 3121 779 3192 (Waihuacht)
804 3139 855 3174 non
875 3124 990 3174 exeunte
1009 3137 1086 3187 annu,
1110 3121 1156 3174 555
1176 3137 1239 3174 rere
1259 3121 1329 3176 cele-

154 3213 231 3266 brata
249 3229 316 3266 essa.
