3092 5000
689 288 897 345 ,Μ-

388 460 440 521 hic
465 467 500 523 ut
523 465 641 523 statuta
665 470 712 523 est
735 461 931 523 immolanda
955 462 1060 524 bellua

387 571 498 649 pectus
521 574 643 629 sacrato
667 567 817 630 dividunt
839 567 1006 630 venabulo.

389 678 510 736 eructat
533 674 674 756 amplum
697 674 816 736 vulnus
840 674 959 737 undam
982 676 1149 757 sanguinis

388 781 538 843 ferventis
561 781 662 862 inque
684 786 772 843 texta
795 782 900 864 pontis
924 781 1044 843 subditi

387 887 495 951 fundit
517 908 672 970 vaporum
694 886 815 977 flumen
839 894 870 951 et
891 889 953 951 late
978 894 1108 952 aestuat.
1204 914 1207 923 ¹

389 1091 457 1148 tum
480 1105 537 1167 per
558 1084 739 1168 frequentes
763 1086 851 1148 mille
873 1087 1027 1173 rimarum
1049 1087 1118 1148 rias

388 1192 521 1275 illapsus
543 1191 645 1256 imber
667 1192 811 1256 tabidum
834 1212 938 1256 rorem
961 1194 1089 1275 impluit

390 1299 534 1362 defossus
557 1300 658 1380 intus,
683 1319 779 1382 quem
802 1300 948 1362 sacerdos
971 1301 1089 1382 excipit

388 1411 495 1490 guttas
520 1406 559 1468 ad
584 1425 693 1469 omnes
716 1413 809 1489 turpe
832 1406 1014 1470 subiectans
1038 1413 1132 1489 caput

390 1518 421 1576 et
443 1523 531 1577 veste
555 1518 586 1576 et
609 1514 695 1575 omni
718 1513 914 1596 putrefactus
938 1534 1075 1596 corpore.

390 1711 469 1793 quin
493 1730 528 1774 os
552 1712 691 1793 supinat,
715 1709 826 1772 obvias
851 1710 956 1773 offert.
963 1729 1069 1792 genas,

392 1820 541 1901 supponit
563 1837 670 1898 aures,
694 1817 795 1898 labra,
818 1837 912 1880 nares
935 1817 1030 1882 obicit

390 1926 499 1988 oculos
524 1931 554 1988 ct
577 1927 662 2008 ipsos
685 1925 803 2008 perluit
825 1925 1015 2007 liquoribus

390 2053 449 2097 nec
471 2034 535 2097 iam
558 2033 661 2116 palato
685 2034 785 2116 parcit
801 2039 839 2096 'et
861 2033 1004 2116 linguam
1028 2033 1118 2116 rigat,

391 2142 491 2205 donec
515 2160 660 2204 cruorem
684 2147 769 2205 totus
793 2148 897 2203 atrum
921 2140 1088 2203 combibat.

391 2346 559 2422 postquam
583 2340 725 2419 cadaver,
750 2340 906 2422 sanguine
931 2344 1036 2421 egesto
1060 2338 1175 2421 rigens,

391 2465 542 2530 compage
565 2446 605 2509 ab
628 2447 683 2509 illa
705 2446 851 2509 flamines
874 2447 1073 2526 retraxerint,

389 2553 531 2636 procedit
553 2554 629 2615 inde
652 2553 795 2636 pontifex
820 2554 892 2616 visu
916 2553 1073 2634 horridus

391 2665 527 2724 ostentat
550 2661 652 2723 udum
674 2661 839 2741 verticem,
862 2660 994 2723 barbam
1017 2681 1156 2744 gravem,

391 2768 487 2830 vittas
511 2767 674 2830 madentes
697 2773 794 2849 atque
817 2767 953 2829 amictus
977 2767 1089 2830 ebrios,

391 2966 476 3028 hunc
499 2964 703 3047 inquinatum
727 2963 845 3027 talibus
868 2965 1031 3047 contagiis,

391 3072 464 3135 tabo
487 3072 623 3136 recentis
647 3071 813 3134 sordidum
835 3071 953 3154 piaculi

392 3198 502 3242 omnes
526 3180 664 3241 salutant
686 3184 783 3260 atque
807 3178 940 3240 adorant
963 3178 1096 3258 eminus,

393 3287 466 3349 vilis
491 3287 575 3370 quod
599 3285 691 3348 illum
715 3287 845 3369 sanguis
869 3291 899 3347 et
922 3286 979 3348 bos
1002 3291 1148 3349 mortuus

394 3394 496 3457 foedis
519 3394 669 3477 latentem
693 3392 753 3456 sub
778 3394 923 3456 cavernis
947 3393 1090 3456 laverint.

210 3592 321 3674 teptius
338 3591 477 3672 denique
492 3590 582 3652 locus
598 3590 681 3652 inest
696 3590 730 3651 in
747 3589 887 3652 carmine
904 3588 972 3651 cod.
984 3588 1121 3652 Parisini
1137 3592 1224 3654 8084
1237 3611 1263 3654 v.
1273 3594 1388 3675 57qu

393 3790 465 3871 quis
488 3788 547 3850 tibi
569 3788 756 3851 taurobolus
779 3794 899 3851 vestem
922 3794 1044 3851 mutare
1068 3791 1178 3868 suasit,

392 3896 523 3959 inflatus
548 3896 636 3959 dives
660 3895 765 3959 subito
790 3895 956 3958 mendicus
980 3902 1016 3959 ut
1039 3898 1147 3959 esses?

393 4002 514 4066 obsitus
538 4008 569 4065 et
591 4003 718 4085 pannis,
742 4002 869 4065 modica
893 4004 972 4085 stipe
995 4002 1098 4065 factus
1122 4009 1238 4085 epacta,

393 4110 453 4173 sub
477 4117 592 4174 terram
617 4110 747 4190 missua,
772 4110 913 4193 pollutus
937 4111 1092 4193 sanguine
1116 4111 1208 4191 tauri,

392 4218 555 4298 sordidus,
579 4213 729 4297 infectus,
753 4222 857 4281 vestes
880 4236 1006 4280 servare
1029 4224 1186 4299 cruentas,

394 4326 502 4388 vivere
526 4345 598 4387 curn
623 4344 731 4408 speras
754 4325 869 4408 viginti
892 4326 1034 4388 mimdus
1056 4327 1090 4388 in
1114 4326 1230 4388 annis?
