<?xml version="1.0" encoding="UTF-8"?>
<!DOCTYPE html PUBLIC "-//W3C//DTD XHTML 1.0 Transitional//EN"
    "http://www.w3.org/TR/xhtml1/DTD/xhtml1-transitional.dtd">
<html xmlns="http://www.w3.org/1999/xhtml" xml:lang="en" lang="en">
 <head>
  <title>
</title>
<meta http-equiv="Content-Type" content="text/html;charset=utf-8" />
  <meta name='ocr-system' content='tesseract 3.04.00' />
  <meta name='ocr-capabilities' content='ocr_page ocr_carea ocr_par ocr_line ocrx_word'/>
</head>
<body>
  <div class='ocr_page' id='page_1' title='image "./dematrismagnaea00goehgoog_0029.png"; bbox 0 0 3092 5000; ppageno 0'>
   <div class='ocr_carea' id='block_1_1' title="bbox 624 342 837 404">
    <p class='ocr_par' dir='ltr' id='par_1_1' title="bbox 624 342 837 404">
     <span class='ocr_line' id='line_1_1' title="bbox 624 342 837 404; baseline 0 -18"><span class='ocrx_word' id='word_1_1' title='bbox 624 342 837 404; x_wconf 69' lang='lat'><strong>-23-</strong></span> 
     </span>
    </p>
   </div>
   <div class='ocr_carea' id='block_1_2' title="bbox 125 517 1317 3718">
    <p class='ocr_par' dir='ltr' id='par_1_2' title="bbox 125 517 1317 1139">
     <span class='ocr_line' id='line_1_2' title="bbox 126 517 1316 603; baseline -0.001 -21"><span class='ocrx_word' id='word_1_2' title='bbox 126 524 189 582; x_wconf 90' lang='lat' dir='ltr'>est</span> <span class='ocrx_word' id='word_1_3' title='bbox 211 521 367 583; x_wconf 81' lang='lat' dir='ltr'><strong>momenti</strong></span> <span class='ocrx_word' id='word_1_4' title='bbox 390 522 435 584; x_wconf 88' lang='lat' dir='ltr'>tit.</span> <span class='ocrx_word' id='word_1_5' title='bbox 460 517 492 582; x_wconf 90' lang='lat' dir='ltr'>C.</span> <span class='ocrx_word' id='word_1_6' title='bbox 506 519 533 582; x_wconf 94' lang='grc' dir='ltr'>Ι.</span> <span class='ocrx_word' id='word_1_7' title='bbox 548 517 587 582; x_wconf 84' lang='lat' dir='ltr'>L.</span> <span class='ocrx_word' id='word_1_8' title='bbox 600 517 654 598; x_wconf 85' lang='lat' dir='ltr'>VI,</span> <span class='ocrx_word' id='word_1_9' title='bbox 675 518 793 602; x_wconf 77' lang='lat'>5081),</span> <span class='ocrx_word' id='word_1_10' title='bbox 817 539 881 602; x_wconf 93' lang='lat' dir='ltr'>quo</span> <span class='ocrx_word' id='word_1_11' title='bbox 903 521 1131 603; x_wconf 88' lang='lat' dir='ltr'>potentissimis</span> <span class='ocrx_word' id='word_1_12' title='bbox 1155 519 1203 581; x_wconf 91' lang='lat' dir='ltr'>dis</span> <span class='ocrx_word' id='word_1_13' title='bbox 1222 518 1316 582; x_wconf 90' lang='lat' dir='ltr'>Matri</span> 
     </span>
     <span class='ocr_line' id='line_1_3' title="bbox 125 624 1317 711; baseline 0.002 -23"><span class='ocrx_word' id='word_1_14' title='bbox 125 624 276 710; x_wconf 79' lang='lat' dir='ltr'>Magnae</span> <span class='ocrx_word' id='word_1_15' title='bbox 295 632 327 690; x_wconf 89' lang='grc'>61</span> <span class='ocrx_word' id='word_1_16' title='bbox 344 627 447 691; x_wconf 84' lang='lat' dir='ltr'>Attidi</span> <span class='ocrx_word' id='word_1_17' title='bbox 465 625 700 706; x_wconf 86' lang='lat' dir='ltr'>Menotyrauuo</span> <span class='ocrx_word' id='word_1_18' title='bbox 719 626 769 711; x_wconf 87' lang='lat' dir='ltr'>(cf.</span> <span class='ocrx_word' id='word_1_19' title='bbox 790 646 819 709; x_wconf 92' lang='lat' dir='ltr'>p.</span> <span class='ocrx_word' id='word_1_20' title='bbox 837 627 892 711; x_wconf 87' lang='lat'>31)</span> <span class='ocrx_word' id='word_1_21' title='bbox 912 645 1001 689; x_wconf 83' lang='lat' dir='ltr'>sacro</span> <span class='ocrx_word' id='word_1_22' title='bbox 1020 625 1166 709; x_wconf 80' lang='lat' dir='ltr'>Serapias</span> <span class='ocrx_word' id='word_1_23' title='bbox 1185 626 1317 690; x_wconf 88' lang='lat' dir='ltr'>honesta</span> 
     </span>
     <span class='ocr_line' id='line_1_4' title="bbox 125 731 1315 818; baseline 0 -23"><span class='ocrx_word' id='word_1_24' title='bbox 125 733 260 796; x_wconf 86' lang='lat' dir='ltr'>femina</span> <span class='ocrx_word' id='word_1_25' title='bbox 283 739 406 797; x_wconf 87' lang='lat' dir='ltr'>sacrata</span> <span class='ocrx_word' id='word_1_26' title='bbox 428 731 539 818; x_wconf 84' lang='lat' dir='ltr'>(quam</span> <span class='ocrx_word' id='word_1_27' title='bbox 561 734 730 797; x_wconf 89' lang='lat' dir='ltr'>lectionem</span> <span class='ocrx_word' id='word_1_28' title='bbox 752 732 895 815; x_wconf 84' lang='lat' dir='ltr'>praefero</span> <span class='ocrx_word' id='word_1_29' title='bbox 918 734 1008 796; x_wconf 89' lang='lat' dir='ltr'>altari</span> <span class='ocrx_word' id='word_1_30' title='bbox 1027 733 1210 814; x_wconf 70' lang='lat' dir='ltr'>„sacerdos‘</span> <span class='ocrx_word' id='word_1_31' title='bbox 1230 733 1267 796; x_wconf 83' lang='grc'>61.</span> <span class='ocrx_word' id='word_1_32' title='bbox 1283 733 1315 795; x_wconf 88' lang='lat' dir='ltr'>C.</span> 
     </span>
     <span class='ocr_line' id='line_1_5' title="bbox 126 839 1317 924; baseline 0.003 -23"><span class='ocrx_word' id='word_1_33' title='bbox 126 839 157 901; x_wconf 91' lang='grc' dir='ltr'>Ι.</span> <span class='ocrx_word' id='word_1_34' title='bbox 182 839 218 902; x_wconf 81' lang='lat' dir='ltr'>L</span> <span class='ocrx_word' id='word_1_35' title='bbox 238 840 300 922; x_wconf 83' lang='lat' dir='ltr'>VI,</span> <span class='ocrx_word' id='word_1_36' title='bbox 330 839 428 923; x_wconf 80' lang='lat'>1780)</span> <span class='ocrx_word' id='word_1_37' title='bbox 459 841 555 904; x_wconf 89' lang='lat' dir='ltr'>deum</span> <span class='ocrx_word' id='word_1_38' title='bbox 578 839 689 903; x_wconf 89' lang='lat' dir='ltr'>Matris</span> <span class='ocrx_word' id='word_1_39' title='bbox 717 846 748 904; x_wconf 89' lang='lat' dir='ltr'>et</span> <span class='ocrx_word' id='word_1_40' title='bbox 770 840 979 924; x_wconf 76' lang='lat' dir='ltr'>Proserpinae</span> <span class='ocrx_word' id='word_1_41' title='bbox 1003 839 1208 904; x_wconf 90' lang='lat' dir='ltr'>Constantino</span> <span class='ocrx_word' id='word_1_42' title='bbox 1231 839 1262 901; x_wconf 85' lang='lat' dir='ltr'>V</span> <span class='ocrx_word' id='word_1_43' title='bbox 1286 846 1317 905; x_wconf 91' lang='lat' dir='ltr'>et</span> 
     </span>
     <span class='ocr_line' id='line_1_6' title="bbox 126 945 1316 1031; baseline 0 -21"><span class='ocrx_word' id='word_1_44' title='bbox 126 945 263 1011; x_wconf 83' lang='lat' dir='ltr'>Licinio</span> <span class='ocrx_word' id='word_1_45' title='bbox 287 948 473 1012; x_wconf 90' lang='lat' dir='ltr'>consulibus</span> <span class='ocrx_word' id='word_1_46' title='bbox 496 948 580 1011; x_wconf 90' lang='lat' dir='ltr'>XIII</span> <span class='ocrx_word' id='word_1_47' title='bbox 598 946 668 1012; x_wconf 87' lang='lat' dir='ltr'>Kal.</span> <span class='ocrx_word' id='word_1_48' title='bbox 687 947 788 1011; x_wconf 89' lang='lat' dir='ltr'>Maias</span> <span class='ocrx_word' id='word_1_49' title='bbox 807 948 849 1031; x_wconf 82' lang='lat' dir='ltr'>(d.</span> <span class='ocrx_word' id='word_1_50' title='bbox 872 951 912 1012; x_wconf 81' lang='lat'>19</span> <span class='ocrx_word' id='word_1_51' title='bbox 932 969 972 1011; x_wconf 90' lang='lat' dir='ltr'>m.</span> <span class='ocrx_word' id='word_1_52' title='bbox 992 949 1091 1031; x_wconf 88' lang='lat' dir='ltr'>April.</span> <span class='ocrx_word' id='word_1_53' title='bbox 1111 969 1137 1010; x_wconf 89' lang='lat' dir='ltr'>a.</span> <span class='ocrx_word' id='word_1_54' title='bbox 1157 950 1233 1027; x_wconf 77' lang='grc'><strong>319)</strong></span> <span class='ocrx_word' id='word_1_55' title='bbox 1248 952 1316 1010; x_wconf 84' lang='grc'><strong>166·</strong></span> 
     </span>
     <span class='ocr_line' id='line_1_7' title="bbox 126 1054 1087 1139; baseline 0 -22"><span class='ocrx_word' id='word_1_56' title='bbox 126 1054 300 1118; x_wconf 90' lang='lat' dir='ltr'>rohohum</span> <span class='ocrx_word' id='word_1_57' title='bbox 323 1054 575 1139; x_wconf 78' lang='lat' dir='ltr'>crioboHumque</span> <span class='ocrx_word' id='word_1_58' title='bbox 598 1074 710 1119; x_wconf 87' lang='lat' dir='ltr'>oaeruo</span> <span class='ocrx_word' id='word_1_59' title='bbox 735 1055 917 1119; x_wconf 81' lang='lat' dir='ltr'>Cerealibus</span> <span class='ocrx_word' id='word_1_60' title='bbox 940 1059 1087 1139; x_wconf 82' lang='lat' dir='ltr'>percepit.</span> 
     </span>
    </p>

    <p class='ocr_par' dir='ltr' id='par_1_3' title="bbox 129 1161 1316 3718">
     <span class='ocr_line' id='line_1_8' title="bbox 232 1161 1316 1247; baseline -0.003 -20"><span class='ocrx_word' id='word_1_61' title='bbox 232 1161 319 1238; x_wconf 77' lang='lat' dir='ltr'>Quos</span> <span class='ocrx_word' id='word_1_62' title='bbox 339 1164 448 1227; x_wconf 89' lang='lat' dir='ltr'>titulos</span> <span class='ocrx_word' id='word_1_63' title='bbox 467 1165 495 1227; x_wconf 91' lang='lat' dir='ltr'>si</span> <span class='ocrx_word' id='word_1_64' title='bbox 512 1165 690 1227; x_wconf 78' lang='lat' dir='ltr'>accuratius</span> <span class='ocrx_word' id='word_1_65' title='bbox 707 1164 950 1247; x_wconf 69' lang='lat' dir='ltr'>inspexerimus</span> <span class='ocrx_word' id='word_1_66' title='bbox 965 1165 1184 1247; x_wconf 79' lang='lat' dir='ltr'>intellegemus</span> <span class='ocrx_word' id='word_1_67' title='bbox 1197 1162 1316 1245; x_wconf 88' lang='lat' dir='ltr'>pleros-</span> 
     </span>
     <span class='ocr_line' id='line_1_9' title="bbox 130 1269 1315 1354; baseline 0 -22"><span class='ocrx_word' id='word_1_68' title='bbox 130 1290 204 1353; x_wconf 90' lang='lat' dir='ltr'>que</span> <span class='ocrx_word' id='word_1_69' title='bbox 228 1271 348 1353; x_wconf 92' lang='lat' dir='ltr'>positos</span> <span class='ocrx_word' id='word_1_70' title='bbox 378 1290 446 1334; x_wconf 90' lang='lat' dir='ltr'>esse</span> <span class='ocrx_word' id='word_1_71' title='bbox 469 1291 488 1333; x_wconf 93' lang='lat' dir='ltr'>a</span> <span class='ocrx_word' id='word_1_72' title='bbox 511 1272 589 1333; x_wconf 87' lang='lat' dir='ltr'>viris</span> <span class='ocrx_word' id='word_1_73' title='bbox 617 1269 812 1354; x_wconf 86' lang='lat' dir='ltr'>reipublicae</span> <span class='ocrx_word' id='word_1_74' title='bbox 840 1269 1003 1334; x_wconf 86' lang='lat' dir='ltr'>Romanae</span> <span class='ocrx_word' id='word_1_75' title='bbox 1027 1272 1090 1334; x_wconf 90' lang='lat' dir='ltr'>illis</span> <span class='ocrx_word' id='word_1_76' title='bbox 1120 1270 1315 1352; x_wconf 88' lang='lat' dir='ltr'>temporibus</span> 
     </span>
     <span class='ocr_line' id='line_1_10' title="bbox 129 1376 1315 1461; baseline 0 -21"><span class='ocrx_word' id='word_1_77' title='bbox 129 1378 342 1454; x_wconf 80' lang='lat' dir='ltr'>clarissimis3</span> <span class='ocrx_word' id='word_1_78' title='bbox 376 1381 483 1461; x_wconf 87' lang='lat' dir='ltr'>itaque</span> <span class='ocrx_word' id='word_1_79' title='bbox 514 1379 633 1442; x_wconf 86' lang='lat' dir='ltr'>factum</span> <span class='ocrx_word' id='word_1_80' title='bbox 663 1384 722 1459; x_wconf 81' lang='lat' dir='ltr'>est,</span> <span class='ocrx_word' id='word_1_81' title='bbox 752 1383 790 1441; x_wconf 90' lang='lat' dir='ltr'>ut</span> <span class='ocrx_word' id='word_1_82' title='bbox 818 1376 995 1441; x_wconf 88' lang='lat' dir='ltr'>taurobolia</span> <span class='ocrx_word' id='word_1_83' title='bbox 1024 1378 1238 1460; x_wconf 84' lang='lat' dir='ltr'>crioboliaque</span> <span class='ocrx_word' id='word_1_84' title='bbox 1266 1378 1315 1440; x_wconf 91' lang='lat' dir='ltr'>his</span> 
     </span>
     <span class='ocr_line' id='line_1_11' title="bbox 129 1483 1315 1568; baseline 0 -21"><span class='ocrx_word' id='word_1_85' title='bbox 129 1486 220 1567; x_wconf 88' lang='lat' dir='ltr'>ipsis</span> <span class='ocrx_word' id='word_1_86' title='bbox 243 1483 440 1568; x_wconf 87' lang='lat' dir='ltr'>temporibus</span> <span class='ocrx_word' id='word_1_87' title='bbox 462 1486 601 1548; x_wconf 84' lang='lat' dir='ltr'>maxime</span> <span class='ocrx_word' id='word_1_88' title='bbox 624 1483 788 1566; x_wconf 82' lang='lat' dir='ltr'>florerent,</span> <span class='ocrx_word' id='word_1_89' title='bbox 811 1486 995 1567; x_wconf 88' lang='lat' dir='ltr'>praesertim</span> <span class='ocrx_word' id='word_1_90' title='bbox 1019 1504 1093 1547; x_wconf 92' lang='lat' dir='ltr'>cum</span> <span class='ocrx_word' id='word_1_91' title='bbox 1111 1487 1315 1567; x_wconf 88' lang='lat' dir='ltr'>imperatores</span> 
     </span>
     <span class='ocr_line' id='line_1_12' title="bbox 135 1586 1315 1676; baseline 0.001 -23"><span class='ocrx_word' id='word_1_92' title='bbox 135 1591 308 1655; x_wconf 83' lang='lat' dir='ltr'>subsecuti</span> <span class='ocrx_word' id='word_1_93' title='bbox 327 1599 383 1656; x_wconf 88' lang='lat' dir='ltr'>aut</span> <span class='ocrx_word' id='word_1_94' title='bbox 401 1612 464 1655; x_wconf 92' lang='lat' dir='ltr'>uou</span> <span class='ocrx_word' id='word_1_95' title='bbox 483 1593 665 1655; x_wconf 88' lang='lat' dir='ltr'>resisterent</span> <span class='ocrx_word' id='word_1_96' title='bbox 683 1592 736 1673; x_wconf 81' lang='lat' dir='ltr'>iis,</span> <span class='ocrx_word' id='word_1_97' title='bbox 759 1598 815 1654; x_wconf 90' lang='lat' dir='ltr'>aut</span> <span class='ocrx_word' id='word_1_98' title='bbox 833 1611 871 1655; x_wconf 90' lang='lat' dir='ltr'>ea</span> <span class='ocrx_word' id='word_1_99' title='bbox 889 1612 977 1655; x_wconf 90' lang='lat' dir='ltr'>sacra</span> <span class='ocrx_word' id='word_1_100' title='bbox 993 1586 1171 1676; x_wconf 86' lang='lat' dir='ltr'>probarent.</span> <span class='ocrx_word' id='word_1_101' title='bbox 1200 1594 1315 1655; x_wconf 86' lang='lat' dir='ltr'>etenim</span> 
     </span>
     <span class='ocr_line' id='line_1_13' title="bbox 132 1697 1314 1782; baseline 0.001 -21"><span class='ocrx_word' id='word_1_102' title='bbox 132 1719 337 1782; x_wconf 88' lang='lat' dir='ltr'>quamquam</span> <span class='ocrx_word' id='word_1_103' title='bbox 374 1700 521 1782; x_wconf 79' lang='lat' dir='ltr'>religioni</span> <span class='ocrx_word' id='word_1_104' title='bbox 559 1697 753 1762; x_wconf 80' lang='lat' dir='ltr'>Christianae</span> <span class='ocrx_word' id='word_1_105' title='bbox 793 1697 1018 1762; x_wconf 81' lang='lat' dir='ltr'>Constantinus</span> <span class='ocrx_word' id='word_1_106' title='bbox 1055 1699 1201 1761; x_wconf 85' lang='lat' dir='ltr'>addictus</span> <span class='ocrx_word' id='word_1_107' title='bbox 1240 1706 1314 1781; x_wconf 65' lang='lat' dir='ltr'>erat,</span> 
     </span>
     <span class='ocr_line' id='line_1_14' title="bbox 131 1805 1314 1888; baseline 0.001 -20"><span class='ocrx_word' id='word_1_108' title='bbox 131 1811 247 1869; x_wconf 86' lang='lat' dir='ltr'>tamen</span> <span class='ocrx_word' id='word_1_109' title='bbox 270 1806 415 1870; x_wconf 83' lang='lat' dir='ltr'>Zosimus</span> <span class='ocrx_word' id='word_1_110' title='bbox 434 1805 482 1888; x_wconf 75' lang='lat' dir='ltr'>II,</span> <span class='ocrx_word' id='word_1_111' title='bbox 506 1809 545 1872; x_wconf 88' lang='lat'>31</span> <span class='ocrx_word' id='word_1_112' title='bbox 572 1811 656 1869; x_wconf 86' lang='lat' dir='ltr'>recte</span> <span class='ocrx_word' id='word_1_113' title='bbox 680 1806 756 1868; x_wconf 87' lang='lat' dir='ltr'>dicit</span> <span class='ocrx_word' id='word_1_114' title='bbox 780 1825 853 1869; x_wconf 93' lang='lat' dir='ltr'>eum</span> <span class='ocrx_word' id='word_1_115' title='bbox 876 1807 956 1868; x_wconf 90' lang='lat' dir='ltr'>nihil</span> <span class='ocrx_word' id='word_1_116' title='bbox 979 1806 1092 1869; x_wconf 87' lang='lat' dir='ltr'>facisse</span> <span class='ocrx_word' id='word_1_117' title='bbox 1114 1826 1165 1869; x_wconf 86' lang='lat' dir='ltr'>res</span> <span class='ocrx_word' id='word_1_118' title='bbox 1190 1806 1314 1869; x_wconf 84' lang='lat' dir='ltr'>divinas</span> 
     </span>
     <span class='ocr_line' id='line_1_15' title="bbox 131 1913 1313 1997; baseline 0 -21"><span class='ocrx_word' id='word_1_119' title='bbox 131 1919 252 1995; x_wconf 75' lang='lat' dir='ltr'>atque,</span> <span class='ocrx_word' id='word_1_120' title='bbox 276 1916 335 1977; x_wconf 89' lang='grc'><strong>6161</strong></span> <span class='ocrx_word' id='word_1_121' title='bbox 357 1914 419 1976; x_wconf 82' lang='lat' dir='ltr'>riri</span> <span class='ocrx_word' id='word_1_122' title='bbox 437 1914 575 1997; x_wconf 80' lang='lat' dir='ltr'>theologi</span> <span class='ocrx_word' id='word_1_123' title='bbox 597 1919 723 1976; x_wconf 89' lang='lat' dir='ltr'>nostrae</span> <span class='ocrx_word' id='word_1_124' title='bbox 742 1915 852 1977; x_wconf 88' lang='lat' dir='ltr'>aetatis</span> <span class='ocrx_word' id='word_1_125' title='bbox 871 1913 953 1975; x_wconf 89' lang='lat' dir='ltr'>hauc</span> <span class='ocrx_word' id='word_1_126' title='bbox 972 1915 1158 1977; x_wconf 88' lang='lat' dir='ltr'>senteutiam</span> <span class='ocrx_word' id='word_1_127' title='bbox 1176 1914 1313 1976; x_wconf 87' lang='lat' dir='ltr'>refutare</span> 
     </span>
     <span class='ocr_line' id='line_1_16' title="bbox 132 2020 1314 2104; baseline -0.001 -20"><span class='ocrx_word' id='word_1_128' title='bbox 132 2023 245 2085; x_wconf 86' lang='lat' dir='ltr'>conati</span> <span class='ocrx_word' id='word_1_129' title='bbox 274 2027 362 2102; x_wconf 73' lang='lat' dir='ltr'>suut,</span> <span class='ocrx_word' id='word_1_130' title='bbox 394 2022 542 2104; x_wconf 90' lang='lat' dir='ltr'>equidem</span> <span class='ocrx_word' id='word_1_131' title='bbox 570 2022 663 2103; x_wconf 89' lang='lat' dir='ltr'>plane</span> <span class='ocrx_word' id='word_1_132' title='bbox 692 2023 855 2084; x_wconf 89' lang='lat' dir='ltr'>consentio</span> <span class='ocrx_word' id='word_1_133' title='bbox 886 2040 959 2083; x_wconf 89' lang='lat' dir='ltr'>oum</span> <span class='ocrx_word' id='word_1_134' title='bbox 982 2020 1227 2100; x_wconf 73' lang='lat' dir='ltr'>BurclrhardtiO,</span> <span class='ocrx_word' id='word_1_135' title='bbox 1259 2023 1314 2102; x_wconf 90' lang='lat' dir='ltr'>qui</span> 
     </span>
     <span class='ocr_line' id='line_1_17' title="bbox 133 2127 1314 2214; baseline 0 -23"><span class='ocrx_word' id='word_1_136' title='bbox 133 2129 179 2191; x_wconf 91' lang='lat' dir='ltr'>de</span> <span class='ocrx_word' id='word_1_137' title='bbox 211 2129 265 2192; x_wconf 93' lang='lat' dir='ltr'>illo</span> <span class='ocrx_word' id='word_1_138' title='bbox 295 2131 484 2213; x_wconf 89' lang='lat' dir='ltr'>imperatore</span> <span class='ocrx_word' id='word_1_139' title='bbox 513 2129 590 2191; x_wconf 86' lang='lat' dir='ltr'>haee</span> <span class='ocrx_word' id='word_1_140' title='bbox 618 2127 717 2214; x_wconf 85' lang='lat' dir='ltr'>verba</span> <span class='ocrx_word' id='word_1_141' title='bbox 738 2128 813 2191; x_wconf 83' lang='lat' dir='ltr'>fecit</span> <span class='ocrx_word' id='word_1_142' title='bbox 842 2128 907 2211; x_wconf 86' lang='lat' dir='ltr'>(die</span> <span class='ocrx_word' id='word_1_143' title='bbox 936 2129 1000 2191; x_wconf 86' lang='lat' dir='ltr'>zeit</span> <span class='ocrx_word' id='word_1_144' title='bbox 1027 2127 1229 2191; x_wconf 84' lang='lat' dir='ltr'>Constantius</span> <span class='ocrx_word' id='word_1_145' title='bbox 1259 2127 1314 2191; x_wconf 90' lang='lat' dir='ltr'>des</span> 
     </span>
     <span class='ocr_line' id='line_1_18' title="bbox 131 2234 1312 2320; baseline -0.001 -22"><span class='ocrx_word' id='word_1_146' title='bbox 131 2255 271 2319; x_wconf 85' lang='lat' dir='ltr'>grosseu</span> <span class='ocrx_word' id='word_1_147' title='bbox 290 2241 335 2320; x_wconf 80' lang='grc'>26.</span> <span class='ocrx_word' id='word_1_148' title='bbox 351 2239 443 2318; x_wconf 68' lang='lat' dir='ltr'>alal:</span> <span class='ocrx_word' id='word_1_149' title='bbox 468 2238 499 2298; x_wconf 92' lang='lat' dir='ltr'>iu</span> <span class='ocrx_word' id='word_1_150' title='bbox 521 2237 625 2299; x_wconf 81' lang='lat' dir='ltr'>ciuem</span> <span class='ocrx_word' id='word_1_151' title='bbox 643 2236 789 2319; x_wconf 86' lang='lat' dir='ltr'>genialeu</span> <span class='ocrx_word' id='word_1_152' title='bbox 812 2236 997 2315; x_wconf 72' lang='lat' dir='ltr'>menschen,</span> <span class='ocrx_word' id='word_1_153' title='bbox 1021 2235 1094 2297; x_wconf 91' lang='lat' dir='ltr'>dem</span> <span class='ocrx_word' id='word_1_154' title='bbox 1113 2234 1169 2297; x_wconf 87' lang='lat' dir='ltr'>der</span> <span class='ocrx_word' id='word_1_155' title='bbox 1188 2236 1312 2317; x_wconf 83' lang='lat' dir='ltr'>ehrgeiu</span> 
     </span>
     <span class='ocr_line' id='line_1_19' title="bbox 133 2341 1313 2426; baseline 0 -21"><span class='ocrx_word' id='word_1_156' title='bbox 133 2343 207 2406; x_wconf 92' lang='lat' dir='ltr'>uud</span> <span class='ocrx_word' id='word_1_157' title='bbox 232 2344 284 2407; x_wconf 92' lang='grc'>116</span> <span class='ocrx_word' id='word_1_158' title='bbox 313 2344 536 2407; x_wconf 86' lang='lat' dir='ltr'>hernschsuoht</span> <span class='ocrx_word' id='word_1_159' title='bbox 564 2343 658 2406; x_wconf 85' lang='lat' dir='ltr'>lreiue</span> <span class='ocrx_word' id='word_1_160' title='bbox 687 2343 800 2426; x_wconf 86' lang='lat' dir='ltr'>ruhige</span> <span class='ocrx_word' id='word_1_161' title='bbox 830 2341 946 2405; x_wconf 89' lang='lat' dir='ltr'>stuude</span> <span class='ocrx_word' id='word_1_162' title='bbox 968 2347 1108 2424; x_wconf 71' lang='lat' dir='ltr'>genuen,</span> <span class='ocrx_word' id='word_1_163' title='bbox 1140 2342 1226 2404; x_wconf 85' lang='lat' dir='ltr'>kann</span> <span class='ocrx_word' id='word_1_164' title='bbox 1249 2362 1313 2405; x_wconf 84' lang='lat' dir='ltr'>rou</span> 
     </span>
     <span class='ocr_line' id='line_1_20' title="bbox 134 2449 1313 2532; baseline -0.001 -19"><span class='ocrx_word' id='word_1_165' title='bbox 134 2449 351 2516; x_wconf 87' lang='lat' dir='ltr'>Christeutum</span> <span class='ocrx_word' id='word_1_166' title='bbox 385 2452 453 2515; x_wconf 93' lang='lat' dir='ltr'>und</span> <span class='ocrx_word' id='word_1_167' title='bbox 485 2450 696 2531; x_wconf 80' lang='lat' dir='ltr'>Heidentum,</span> <span class='ocrx_word' id='word_1_168' title='bbox 728 2469 793 2513; x_wconf 85' lang='lat' dir='ltr'>vou</span> <span class='ocrx_word' id='word_1_169' title='bbox 825 2449 999 2514; x_wconf 85' lang='lat' dir='ltr'>bewusster</span> <span class='ocrx_word' id='word_1_170' title='bbox 1030 2449 1214 2532; x_wconf 71' lang='lat' dir='ltr'>religiositat</span> <span class='ocrx_word' id='word_1_171' title='bbox 1246 2450 1313 2513; x_wconf 92' lang='lat' dir='ltr'>und</span> 
     </span>
     <span class='ocr_line' id='line_1_21' title="bbox 133 2558 1313 2643; baseline -0.001 -21"><span class='ocrx_word' id='word_1_172' title='bbox 133 2560 353 2643; x_wconf 83' lang='lat' dir='ltr'>irreligiositiit</span> <span class='ocrx_word' id='word_1_173' title='bbox 371 2581 428 2642; x_wconf 85' lang='lat' dir='ltr'>gar</span> <span class='ocrx_word' id='word_1_174' title='bbox 444 2560 533 2622; x_wconf 84' lang='lat' dir='ltr'>nieht</span> <span class='ocrx_word' id='word_1_175' title='bbox 551 2560 602 2622; x_wconf 89' lang='lat' dir='ltr'>die</span> <span class='ocrx_word' id='word_1_176' title='bbox 621 2558 696 2622; x_wconf 90' lang='lat' dir='ltr'>rede</span> <span class='ocrx_word' id='word_1_177' title='bbox 715 2561 796 2636; x_wconf 81' lang='lat' dir='ltr'>seiu3</span> <span class='ocrx_word' id='word_1_178' title='bbox 817 2559 870 2621; x_wconf 91' lang='lat' dir='ltr'>eiu</span> <span class='ocrx_word' id='word_1_179' title='bbox 889 2558 1011 2621; x_wconf 84' lang='lat' dir='ltr'>solcher</span> <span class='ocrx_word' id='word_1_180' title='bbox 1022 2558 1064 2620; x_wconf 87' lang='lat' dir='ltr'>ist</span> <span class='ocrx_word' id='word_1_181' title='bbox 1081 2578 1161 2641; x_wconf 83' lang='lat' dir='ltr'>ganz</span> <span class='ocrx_word' id='word_1_182' title='bbox 1180 2565 1313 2621; x_wconf 75' lang='grc'><strong>666661-</strong></span> 
     </span>
     <span class='ocr_line' id='line_1_22' title="bbox 134 2665 1312 2751; baseline -0.001 -22"><span class='ocrx_word' id='word_1_183' title='bbox 134 2668 204 2730; x_wconf 89' lang='lat' dir='ltr'>lich</span> <span class='ocrx_word' id='word_1_184' title='bbox 227 2668 396 2751; x_wconf 70' lang='lat' dir='ltr'>budigiis,</span> <span class='ocrx_word' id='word_1_185' title='bbox 425 2666 523 2731; x_wconf 88' lang='lat' dir='ltr'>selbst</span> <span class='ocrx_word' id='word_1_186' title='bbox 552 2686 646 2730; x_wconf 90' lang='lat' dir='ltr'>weuu</span> <span class='ocrx_word' id='word_1_187' title='bbox 670 2686 704 2729; x_wconf 89' lang='lat' dir='ltr'>er</span> <span class='ocrx_word' id='word_1_188' title='bbox 732 2667 801 2729; x_wconf 90' lang='lat' dir='ltr'>sich</span> <span class='ocrx_word' id='word_1_189' title='bbox 831 2665 990 2729; x_wconf 88' lang='lat' dir='ltr'>einbilden</span> <span class='ocrx_word' id='word_1_190' title='bbox 1018 2666 1109 2729; x_wconf 91' lang='lat' dir='ltr'>sollte</span> <span class='ocrx_word' id='word_1_191' title='bbox 1139 2666 1251 2728; x_wconf 89' lang='lat' dir='ltr'>mitten</span> <span class='ocrx_word' id='word_1_192' title='bbox 1279 2668 1312 2728; x_wconf 94' lang='lat' dir='ltr'>iu</span> 
     </span>
     <span class='ocr_line' id='line_1_23' title="bbox 134 2773 1311 2858; baseline 0 -21"><span class='ocrx_word' id='word_1_193' title='bbox 134 2776 228 2838; x_wconf 89' lang='lat' dir='ltr'>einer</span> <span class='ocrx_word' id='word_1_194' title='bbox 250 2776 445 2839; x_wconf 84' lang='lat' dir='ltr'>hirchlicheu</span> <span class='ocrx_word' id='word_1_195' title='bbox 467 2775 694 2858; x_wconf 81' lang='lat' dir='ltr'>gemeinschait</span> <span class='ocrx_word' id='word_1_196' title='bbox 723 2795 766 2838; x_wconf 87' lang='lat' dir='ltr'>zu</span> <span class='ocrx_word' id='word_1_197' title='bbox 796 2774 895 2838; x_wconf 88' lang='lat' dir='ltr'>stehu.</span> <span class='ocrx_word' id='word_1_198' title='bbox 941 2773 1087 2836; x_wconf 86' lang='lat' dir='ltr'>Zosimus</span> <span class='ocrx_word' id='word_1_199' title='bbox 1117 2779 1224 2837; x_wconf 87' lang='lat' dir='ltr'>autem</span> <span class='ocrx_word' id='word_1_200' title='bbox 1247 2793 1311 2837; x_wconf 81' lang='lat' dir='ltr'>me</span> 
     </span>
     <span class='ocr_line' id='line_1_24' title="bbox 134 2881 1312 2965; baseline -0.001 -20"><span class='ocrx_word' id='word_1_201' title='bbox 134 2884 258 2946; x_wconf 89' lang='lat' dir='ltr'>moriae</span> <span class='ocrx_word' id='word_1_202' title='bbox 286 2884 417 2947; x_wconf 87' lang='lat' dir='ltr'>tradidit</span> <span class='ocrx_word' id='word_1_203' title='bbox 447 2883 486 2946; x_wconf 93' lang='lat' dir='ltr'>ab</span> <span class='ocrx_word' id='word_1_204' title='bbox 509 2883 565 2946; x_wconf 92' lang='lat' dir='ltr'>illo</span> <span class='ocrx_word' id='word_1_205' title='bbox 587 2885 621 2945; x_wconf 91' lang='lat' dir='ltr'>iu</span> <span class='ocrx_word' id='word_1_206' title='bbox 645 2888 788 2946; x_wconf 74' lang='lat' dir='ltr'>exhema</span> <span class='ocrx_word' id='word_1_207' title='bbox 816 2887 905 2965; x_wconf 86' lang='lat' dir='ltr'>parte</span> <span class='ocrx_word' id='word_1_208' title='bbox 934 2884 1031 2944; x_wconf 90' lang='lat' dir='ltr'>unius</span> <span class='ocrx_word' id='word_1_209' title='bbox 1058 2901 1100 2944; x_wconf 80' lang='lat' dir='ltr'>eu</span> <span class='ocrx_word' id='word_1_210' title='bbox 1129 2881 1312 2964; x_wconf 72' lang='lat' dir='ltr'>porticibus,</span> 
     </span>
     <span class='ocr_line' id='line_1_25' title="bbox 136 2989 1312 3072; baseline -0.001 -19"><span class='ocrx_word' id='word_1_211' title='bbox 136 2990 257 3072; x_wconf 88' lang='lat' dir='ltr'>quibus</span> <span class='ocrx_word' id='word_1_212' title='bbox 286 2990 390 3055; x_wconf 84' lang='lat' dir='ltr'>forum</span> <span class='ocrx_word' id='word_1_213' title='bbox 420 2991 570 3071; x_wconf 82' lang='lat' dir='ltr'>Byzantii</span> <span class='ocrx_word' id='word_1_214' title='bbox 598 2990 759 3053; x_wconf 88' lang='lat' dir='ltr'>inclusum</span> <span class='ocrx_word' id='word_1_215' title='bbox 789 2994 867 3070; x_wconf 77' lang='lat' dir='ltr'>erat,</span> <span class='ocrx_word' id='word_1_216' title='bbox 899 2989 978 3052; x_wconf 89' lang='lat' dir='ltr'>duas</span> <span class='ocrx_word' id='word_1_217' title='bbox 1009 2989 1103 3052; x_wconf 89' lang='lat' dir='ltr'>aedes</span> <span class='ocrx_word' id='word_1_218' title='bbox 1134 2994 1312 3052; x_wconf 83' lang='lat' dir='ltr'>exsturctas</span> 
     </span>
     <span class='ocr_line' id='line_1_26' title="bbox 136 3094 1312 3178; baseline -0.002 -17"><span class='ocrx_word' id='word_1_219' title='bbox 136 3117 208 3161; x_wconf 91' lang='grc'><strong>6666</strong></span> <span class='ocrx_word' id='word_1_220' title='bbox 232 3098 383 3162; x_wconf 88' lang='lat' dir='ltr'>collocato</span> <span class='ocrx_word' id='word_1_221' title='bbox 406 3099 440 3160; x_wconf 90' lang='lat' dir='ltr'>iu</span> <span class='ocrx_word' id='word_1_222' title='bbox 470 3098 569 3162; x_wconf 88' lang='lat' dir='ltr'>altera</span> <span class='ocrx_word' id='word_1_223' title='bbox 598 3097 766 3160; x_wconf 83' lang='lat' dir='ltr'>simulacro</span> <span class='ocrx_word' id='word_1_224' title='bbox 795 3095 906 3159; x_wconf 84' lang='lat' dir='ltr'>Matris</span> <span class='ocrx_word' id='word_1_225' title='bbox 937 3096 1046 3177; x_wconf 70' lang='lat' dir='ltr'>deum,</span> <span class='ocrx_word' id='word_1_226' title='bbox 1077 3096 1162 3178; x_wconf 92' lang='lat' dir='ltr'>quod</span> <span class='ocrx_word' id='word_1_227' title='bbox 1190 3094 1312 3159; x_wconf 87' lang='lat' dir='ltr'>lasouis</span> 
     </span>
     <span class='ocr_line' id='line_1_27' title="bbox 135 3202 1312 3286; baseline -0.002 -19"><span class='ocrx_word' id='word_1_228' title='bbox 135 3206 218 3268; x_wconf 86' lang='grc'><strong>66611</strong></span> <span class='ocrx_word' id='word_1_229' title='bbox 241 3206 317 3268; x_wconf 89' lang='lat' dir='ltr'>olim</span> <span class='ocrx_word' id='word_1_230' title='bbox 339 3206 373 3268; x_wconf 94' lang='lat' dir='ltr'>iu</span> <span class='ocrx_word' id='word_1_231' title='bbox 395 3211 502 3268; x_wconf 91' lang='lat' dir='ltr'>moute</span> <span class='ocrx_word' id='word_1_232' title='bbox 525 3204 688 3285; x_wconf 84' lang='lat' dir='ltr'>Dindyma</span> <span class='ocrx_word' id='word_1_233' title='bbox 712 3205 948 3285; x_wconf 87' lang='lat' dir='ltr'>constituerant,</span> <span class='ocrx_word' id='word_1_234' title='bbox 972 3202 1070 3286; x_wconf 90' lang='lat' dir='ltr'>idque</span> <span class='ocrx_word' id='word_1_235' title='bbox 1093 3203 1132 3266; x_wconf 91' lang='lat' dir='ltr'>ab</span> <span class='ocrx_word' id='word_1_236' title='bbox 1155 3208 1312 3265; x_wconf 77' lang='grc'><strong>6661616-</strong></span> 
     </span>
     <span class='ocr_line' id='line_1_28' title="bbox 135 3309 1312 3394; baseline -0.002 -19"><span class='ocrx_word' id='word_1_237' title='bbox 135 3316 208 3375; x_wconf 90' lang='lat' dir='ltr'>tum</span> <span class='ocrx_word' id='word_1_238' title='bbox 237 3331 318 3393; x_wconf 79' lang='lat' dir='ltr'>esse,</span> <span class='ocrx_word' id='word_1_239' title='bbox 349 3332 421 3376; x_wconf 86' lang='lat' dir='ltr'>oum</span> <span class='ocrx_word' id='word_1_240' title='bbox 450 3312 557 3375; x_wconf 89' lang='lat' dir='ltr'>leones</span> <span class='ocrx_word' id='word_1_241' title='bbox 587 3313 748 3394; x_wconf 88' lang='lat' dir='ltr'>utrimque</span> <span class='ocrx_word' id='word_1_242' title='bbox 779 3310 903 3374; x_wconf 88' lang='lat' dir='ltr'>tolleret</span> <span class='ocrx_word' id='word_1_243' title='bbox 931 3329 1151 3393; x_wconf 86' lang='lat' dir='ltr'>manuumque</span> <span class='ocrx_word' id='word_1_244' title='bbox 1178 3309 1312 3373; x_wconf 84' lang='lat' dir='ltr'>formam</span> 
     </span>
     <span class='ocr_line' id='line_1_29' title="bbox 135 3411 1312 3504; baseline -0.001 -22"><span class='ocrx_word' id='word_1_245' title='bbox 135 3425 352 3484; x_wconf 81' lang='lat' dir='ltr'>converteret:</span> <span class='ocrx_word' id='word_1_246' title='bbox 383 3415 527 3499; x_wconf 80' lang='grc' dir='ltr'><strong><em>κατέχειν</em></strong></span> <span class='ocrx_word' id='word_1_247' title='bbox 550 3418 610 3504; x_wconf 78' lang='grc' dir='ltr'>γὰρ</span> <span class='ocrx_word' id='word_1_248' title='bbox 633 3416 741 3482; x_wconf 80' lang='grc' dir='ltr'><em>πάλαι</em></span> <span class='ocrx_word' id='word_1_249' title='bbox 765 3417 907 3481; x_wconf 77' lang='grc' dir='ltr'><em>δοκοῦσα</em></span> <span class='ocrx_word' id='word_1_250' title='bbox 937 3417 1012 3494; x_wconf 77' lang='grc' dir='ltr'><em>τοὺς</em></span> <span class='ocrx_word' id='word_1_251' title='bbox 1034 3415 1167 3493; x_wconf 78' lang='grc' dir='ltr'><em>λέοντας</em></span> <span class='ocrx_word' id='word_1_252' title='bbox 1190 3425 1242 3479; x_wconf 75' lang='grc' dir='ltr'>νῦν</span> <span class='ocrx_word' id='word_1_253' title='bbox 1265 3411 1312 3493; x_wconf 78' lang='grc' dir='ltr'>εἰς</span> 
     </span>
     <span class='ocr_line' id='line_1_30' title="bbox 135 3521 1310 3615; baseline -0.002 -24"><span class='ocrx_word' id='word_1_254' title='bbox 135 3523 307 3613; x_wconf 69' lang='grc' dir='ltr'><em>εὐχομένης</em></span> <span class='ocrx_word' id='word_1_255' title='bbox 328 3523 570 3615; x_wconf 74' lang='grc' dir='ltr'><em>μεταβέβληται</em></span> <span class='ocrx_word' id='word_1_256' title='bbox 599 3535 703 3612; x_wconf 74' lang='grc' dir='ltr'><em>σχῆμα</em></span> <span class='ocrx_word' id='word_1_257' title='bbox 733 3525 791 3613; x_wconf 75' lang='grc' dir='ltr'>τὴν</span> <span class='ocrx_word' id='word_1_258' title='bbox 820 3522 920 3589; x_wconf 78' lang='grc' dir='ltr'><strong><em>πόλιν</em></strong></span> <span class='ocrx_word' id='word_1_259' title='bbox 943 3522 1094 3612; x_wconf 59' lang='grc' dir='ltr'>ἐφορῶσιν</span> <span class='ocrx_word' id='word_1_260' title='bbox 1117 3521 1175 3589; x_wconf 77' lang='grc' dir='ltr'>καὶ</span> <span class='ocrx_word' id='word_1_261' title='bbox 1198 3521 1310 3609; x_wconf 72' lang='grc' dir='ltr'><strong><em>περιέ-</em></strong></span> 
     </span>
     <span class='ocr_line' id='line_1_31' title="bbox 136 3630 1311 3718; baseline 0.001 -25"><span class='ocrx_word' id='word_1_262' title='bbox 136 3655 258 3697; x_wconf 73' lang='grc' dir='ltr'><strong>πουσα.</strong></span> <span class='ocrx_word' id='word_1_263' title='bbox 281 3653 341 3698; x_wconf 87' lang='lat' dir='ltr'>nec</span> <span class='ocrx_word' id='word_1_264' title='bbox 359 3636 459 3698; x_wconf 88' lang='lat' dir='ltr'>multo</span> <span class='ocrx_word' id='word_1_265' title='bbox 477 3639 549 3718; x_wconf 92' lang='lat' dir='ltr'>post</span> <span class='ocrx_word' id='word_1_266' title='bbox 560 3634 723 3698; x_wconf 86' lang='lat' dir='ltr'>Zosiruum</span> <span class='ocrx_word' id='word_1_267' title='bbox 741 3634 931 3717; x_wconf 81' lang='lat' dir='ltr'>paganitatis</span> <span class='ocrx_word' id='word_1_268' title='bbox 950 3633 1146 3706; x_wconf 84' lang='lat' dir='ltr'>defensorem</span> <span class='ocrx_word' id='word_1_269' title='bbox 1162 3630 1311 3694; x_wconf 82' lang='lat' dir='ltr'>IFirmi-</span> 
     </span>
    </p>
   </div>
   <div class='ocr_carea' id='block_1_3' title="bbox 81 3739 1311 4146">
    <p class='ocr_par' dir='ltr' id='par_1_4' title="bbox 81 3739 1311 4146">
     <span class='ocr_line' id='line_1_32' title="bbox 135 3739 1311 3824; baseline -0.003 -20"><span class='ocrx_word' id='word_1_270' title='bbox 135 3762 193 3805; x_wconf 87' lang='lat' dir='ltr'>cus</span> <span class='ocrx_word' id='word_1_271' title='bbox 218 3739 382 3805; x_wconf 84' lang='lat' dir='ltr'>Mutamus</span> <span class='ocrx_word' id='word_1_272' title='bbox 405 3741 550 3805; x_wconf 90' lang='lat' dir='ltr'>libellum</span> <span class='ocrx_word' id='word_1_273' title='bbox 573 3742 631 3823; x_wconf 82' lang='lat' dir='ltr'>„de</span> <span class='ocrx_word' id='word_1_274' title='bbox 650 3760 755 3808; x_wconf 85' lang='lat' dir='ltr'>errore</span> <span class='ocrx_word' id='word_1_275' title='bbox 777 3740 1207 3824; x_wconf 68' lang='grc' dir='ltr'>6161666166]6616166661ί</span> <span class='ocrx_word' id='word_1_276' title='bbox 1227 3759 1311 3802; x_wconf 89' lang='lat' dir='ltr'>com-</span> 
     </span>
     <span class='ocr_line' id='line_1_33' title="bbox 135 3847 1311 3931; baseline 0 -20"><span class='ocrx_word' id='word_1_277' title='bbox 135 3849 256 3931; x_wconf 79' lang='lat' dir='ltr'>posuit,</span> <span class='ocrx_word' id='word_1_278' title='bbox 280 3868 376 3931; x_wconf 88' lang='lat' dir='ltr'>quem</span> <span class='ocrx_word' id='word_1_279' title='bbox 395 3849 592 3912; x_wconf 84' lang='lat' dir='ltr'>Constantini</span> <span class='ocrx_word' id='word_1_280' title='bbox 614 3848 690 3912; x_wconf 89' lang='lat' dir='ltr'>filiis</span> <span class='ocrx_word' id='word_1_281' title='bbox 709 3848 839 3928; x_wconf 75' lang='lat' dir='ltr'>meavit,</span> <span class='ocrx_word' id='word_1_282' title='bbox 863 3867 944 3931; x_wconf 91' lang='lat' dir='ltr'>quos</span> <span class='ocrx_word' id='word_1_283' title='bbox 967 3847 1133 3911; x_wconf 87' lang='lat' dir='ltr'>admonuit</span> <span class='ocrx_word' id='word_1_284' title='bbox 1151 3852 1187 3910; x_wconf 91' lang='lat' dir='ltr'>ut</span> <span class='ocrx_word' id='word_1_285' title='bbox 1205 3853 1311 3911; x_wconf 86' lang='lat' dir='ltr'>tautae</span> 
     </span>
     <span class='ocr_line' id='line_1_34' title="bbox 81 3940 1310 4037; baseline 0 -19"><span class='ocrx_word' id='word_1_286' title='bbox 81 3940 85 3947; x_wconf 40' lang='lat'><strong><em>¹</em></strong></span> <span class='ocrx_word' id='word_1_287' title='bbox 136 3955 324 4018; x_wconf 86' lang='lat' dir='ltr'>calamitatis</span> <span class='ocrx_word' id='word_1_288' title='bbox 348 3975 485 4019; x_wconf 87' lang='lat' dir='ltr'>errorem</span> <span class='ocrx_word' id='word_1_289' title='bbox 508 3954 669 4019; x_wconf 86' lang='lat' dir='ltr'>abicerent</span> <span class='ocrx_word' id='word_1_290' title='bbox 691 3961 722 4018; x_wconf 89' lang='grc'>61</span> <span class='ocrx_word' id='word_1_291' title='bbox 745 3954 851 4018; x_wconf 88' lang='lat' dir='ltr'>studia</span> <span class='ocrx_word' id='word_1_292' title='bbox 873 3956 987 4018; x_wconf 88' lang='lat' dir='ltr'>mentis</span> <span class='ocrx_word' id='word_1_293' title='bbox 1009 3954 1159 4037; x_wconf 89' lang='lat' dir='ltr'>profanae</span> <span class='ocrx_word' id='word_1_294' title='bbox 1182 3954 1310 4018; x_wconf 88' lang='lat' dir='ltr'>taudem</span> 
     </span>
     <span class='ocr_line' id='line_1_35' title="bbox 136 4062 1309 4146; baseline -0.001 -20"><span class='ocrx_word' id='word_1_295' title='bbox 136 4063 309 4146; x_wconf 89' lang='lat' dir='ltr'>ahquando</span> <span class='ocrx_word' id='word_1_296' title='bbox 339 4063 526 4126; x_wconf 86' lang='lat' dir='ltr'>desererent.</span> <span class='ocrx_word' id='word_1_297' title='bbox 573 4062 732 4146; x_wconf 91' lang='lat' dir='ltr'>quomodo</span> <span class='ocrx_word' id='word_1_298' title='bbox 761 4066 870 4131; x_wconf 54' lang='lat' dir='ltr'>,autem</span> <span class='ocrx_word' id='word_1_299' title='bbox 899 4062 965 4143; x_wconf 77' lang='lat' dir='ltr'>ille,</span> <span class='ocrx_word' id='word_1_300' title='bbox 999 4062 1055 4145; x_wconf 90' lang='lat' dir='ltr'>qui</span> <span class='ocrx_word' id='word_1_301' title='bbox 1084 4081 1109 4125; x_wconf 89' lang='lat' dir='ltr'>c.</span> <span class='ocrx_word' id='word_1_302' title='bbox 1135 4063 1154 4124; x_wconf 89' lang='lat'>3</span> <span class='ocrx_word' id='word_1_303' title='bbox 1188 4064 1309 4126; x_wconf 80' lang='lat' dir='ltr'>cultum</span> 
     </span>
    </p>
   </div>
   <div class='ocr_carea' id='block_1_4' title="bbox 136 4281 1311 4453">
    <p class='ocr_par' dir='ltr' id='par_1_5' title="bbox 136 4281 1311 4453">
     <span class='ocr_line' id='line_1_36' title="bbox 228 4281 1311 4365; baseline -0.001 -17"><span class='ocrx_word' id='word_1_304' title='bbox 228 4295 255 4364; x_wconf 89' lang='grc'>1)</span> <span class='ocrx_word' id='word_1_305' title='bbox 275 4295 313 4349; x_wconf 89' lang='lat' dir='ltr'>Cf.</span> <span class='ocrx_word' id='word_1_306' title='bbox 328 4311 385 4365; x_wconf 85' lang='lat' dir='ltr'>cap.</span> <span class='ocrx_word' id='word_1_307' title='bbox 398 4295 445 4349; x_wconf 84' lang='lat' dir='ltr'>IV.</span> <span class='ocrx_word' id='word_1_308' title='bbox 457 4295 490 4348; x_wconf 90' lang='grc'>16</span> <span class='ocrx_word' id='word_1_309' title='bbox 509 4281 662 4349; x_wconf 87' lang='lat' dir='ltr'>Cerealibus</span> <span class='ocrx_word' id='word_1_310' title='bbox 680 4294 743 4348; x_wconf 83' lang='lat' dir='ltr'>vida</span> <span class='ocrx_word' id='word_1_311' title='bbox 761 4294 956 4348; x_wconf 75' lang='lat' dir='ltr'>Ibiedlaeuder.</span> <span class='ocrx_word' id='word_1_312' title='bbox 969 4311 1011 4364; x_wconf 85' lang='lat' dir='ltr'>ap.</span> <span class='ocrx_word' id='word_1_313' title='bbox 1027 4293 1191 4364; x_wconf 83' lang='lat' dir='ltr'>Marquardt.</span> <span class='ocrx_word' id='word_1_314' title='bbox 1205 4293 1223 4348; x_wconf 90' lang='lat' dir='ltr'>l.</span> <span class='ocrx_word' id='word_1_315' title='bbox 1236 4292 1254 4346; x_wconf 94' lang='grc'>1.</span> <span class='ocrx_word' id='word_1_316' title='bbox 1268 4293 1311 4347; x_wconf 89' lang='lat' dir='ltr'>III</span> 
     </span>
     <span class='ocr_line' id='line_1_37' title="bbox 136 4385 243 4453; baseline 0 -13"><span class='ocrx_word' id='word_1_317' title='bbox 136 4402 161 4453; x_wconf 90' lang='lat' dir='ltr'>p.</span> <span class='ocrx_word' id='word_1_318' title='bbox 180 4385 243 4440; x_wconf 81' lang='lat'><strong>479.</strong></span> 
     </span>
    </p>
   </div>
   <div class='ocr_carea' id='block_1_5' title="bbox 0 0 1554 5000">
    <p class='ocr_par' dir='ltr' id='par_1_6' title="bbox 0 0 1554 5000">
     <span class='ocr_line' id='line_1_38' title="bbox 0 0 1554 5000; baseline 0 0"><span class='ocrx_word' id='word_1_319' title='bbox 0 0 1554 5000; x_wconf 95' lang='lat' dir='ltr'> </span> 
     </span>
    </p>
   </div>
  </div>
 </body>
</html>
