3092 5000
666 337 877 397 ..45-

274 512 396 576 Deinde
420 513 548 576 afferam
572 514 790 596 cannophoros
814 517 844 575 et
874 513 1104 595 cannophoras,
1134 532 1268 595 quornm
1294 519 1361 577 erat

189 620 297 683 Idibus
317 619 440 683 Martiis
463 641 611 704 pompam
631 621 747 683 ducere
765 640 883 683 cannas
903 620 1049 683 manibus
1072 622 1261 700 tenentium,
1281 639 1361 703 quas

188 728 327 790 alludere
351 729 389 790 ad
414 728 557 791 Attidem
580 729 807 810 requirendum
832 730 866 790 in
890 733 1037 805 canneto,
1061 729 1093 790 in
1119 748 1182 810 quo
1206 733 1360 790 castratus

188 834 291 915 latuit,
321 843 433 917 argute
462 836 596 897 coniecit
620 835 764 898 Visconti
788 835 872 917 (ann.
900 837 970 897 inst.
996 838 1036 897 41
1063 855 1091 918 p.
1112 838 1177 899 240
1196 836 1265 917 sql.
1298 840 1360 897 tra·

188 940 309 1004 duntur
330 948 437 1005 autem
461 943 537 1006 haec
561 943 706 1005 nomina:

275 1049 365 1112 Felix
384 1050 537 1133 collegius
556 1052 845 1133 cannophororum3
871 1070 944 1113 cum
963 1070 1038 1112 vero
1058 1051 1204 1112 isannes
1223 1048 1255 1110 X
1270 1050 1360 1110 vixe-

187 1156 242 1235 rit,
261 1158 351 1238 pueri
370 1163 465 1239 atque
483 1158 608 1241 puellae
627 1177 744 1220 cannas
762 1167 904 1240 portasse
922 1157 1087 1219 videntur:
1115 1156 1146 1220 C.
1164 1156 1188 1219 l.
1205 1155 1239 1220 L.
1250 1155 1292 1229 X,
1308 1160 1360 1240 24.

275 1263 379 1326 Ennia
403 1263 512 1326 Prisca
534 1265 668 1346 collegia
690 1266 964 1347 cannopborarunr
985 1263 1017 1326 C.
1037 1263 1060 1326 Ι.
1080 1263 1113 1325 L.
1133 1262 1197 1339 lX,
1219 1264 1315 1326 2480.

277 1371 446 1452 collegium
470 1371 747 1453 cannophororum
771 1370 803 1432 O.
823 1370 847 1432 l.
866 1369 900 1434 L.
919 1370 958 1448 V,
983 1372 1079 1435 5830.

276 1496 390 1559 corpus
414 1479 688 1560 cannophororum
713 1477 907 1540 Ostiensium
927 1479 1010 1540 dnn.
1030 1478 1106 1541 Inst.
1126 1480 1170 1542 40
1188 1499 1216 1559 p.
1234 1480 1299 1542 390
1314 1498 1360 1559 sq.

277 1582 308 1648 C.
329 1583 459 1648 Caesius
478 1585 660 1667 Eutychion
684 1587 836 1648 immunis
860 1586 1083 1668 rannophorus
1102 1585 1257 1648 Ostiensis
1278 1587 1360 1647 Ann.

187 1690 264 1753 Inst.
284 1693 327 1755 40
350 1713 378 1774 p.
400 1694 465 1756 390
488 1713 518 1755 n.
539 1695 567 1756 3.

277 1797 311 1873 Q.
322 1798 482 1862 Domitius
493 1801 664 1862 Aterianus
682 1806 771 1882 pater
790 1806 822 1862 et
831 1798 971 1862 Domitia
981 1798 1100 1862 Civitas
1119 1805 1219 1862 mater
1232 1800 1360 1882 signum

186 1906 271 1968 Attis
299 1908 509 1989 cannophoris
543 1907 743 1970 Ostiensibus
777 1908 933 1971 dederunt
963 1908 1060 1989 (Ano.
1084 1906 1159 1969 Inst.
1181 1909 1224 1971 40
1247 1927 1276 1990 p.
1296 1909 1357 1970 391

186 2032 217 2075 n.
242 2015 288 2094 6),
316 2015 372 2095 qui
395 2014 509 2076 titulus
537 2014 628 2077 docet
657 2015 868 2098 cannophoris
892 2034 1021 2097 quoque
1043 2014 1218 2096 praefuisse
1240 2022 1361 2096 patrem

186 2126 218 2182 et
240 2125 381 2184 matrem.
834 2128 836 2132 “

274 2227 354 2290 Tum
377 2236 641 2292 commemoratur
663 2231 930 2313 cernoplrorarum
950 2225 1073 2313 (κέρνον
1091 2257 1136 2284 =
1153 2230 1273 2311 patera)
1292 2249 1362 2291 mu·

187 2355 262 2416 nus,
293 2336 379 2417 quod
403 2337 437 2398 in
469 2339 566 2399 sacris
596 2336 805 2417 Corybanteis
829 2358 847 2399 a
870 2338 948 2399 viris
977 2338 1139 2420 expletum
1169 2342 1229 2413 est,
1258 2338 1291 2398 in
1316 2337 1360 2398 tit.

187 2440 369 2526 811111,
392 2447 454 2509 179
473 2444 692 2528 Hispaniensi,
718 2465 781 2528 quo
805 2445 915 2508 fimeta
940 2451 986 2508 est
1005 2443 1113 2507 Flavia
1131 2443 1250 2525 Ty'cbe,
1275 2450 1306 2507 et
1328 2444 1361 2506 in

187 2551 232 2612 tit.
248 2550 279 2613 C.
297 2551 321 2613 I.
340 2550 374 2613 L.
388 2552 435 2632 X,
457 2555 551 2630 1803,
571 2573 666 2635 quem
684 2554 793 2636 posuit
810 2560 899 2635 pater
917 2552 1034 2615 Heriae
1049 2552 1234 2615 Victorinae
1253 2571 1362 2614 cerno-

186 2660 304 2739 pborae
326 2658 410 2721 filiae
435 2660 636 2722 dulcissimae
662 2660 708 2738 (cf.
735 2659 968 2722 Mommsenum
992 2660 1033 2721 ad
1053 2658 1084 2721 G.
1102 2659 1125 2721 I.
1143 2658 1176 2721 L.
1194 2659 1210 2721 I
1228 2679 1256 2740 p.
1274 2659 1361 2740 391).

277 2764 465 2846 Sequuntur
493 2766 694 2846 hymnologi,
726 2786 807 2848 quos
837 2766 957 2828 Graeca
987 2767 1097 2848 lingua
1125 2786 1200 2829 usos
1231 2767 1362 2828 deortmr

186 2872 299 2935 laudes
326 2892 399 2934 cum
429 2873 576 2935 iactantia
604 2880 635 2936 et
662 2875 873 2936 ostentatione
901 2873 1084 2936 decantasse
1114 2874 1191 2936 dicit
1218 2874 1242 2936 I.
1266 2874 1361 2938 Firm.

186 2978 353 3042 Maternus
371 2981 466 3042 math.
486 2980 548 3060 ΙΙΙ,
573 2982 601 3044 6.
625 2982 672 3043 1111
697 2982 827 3063 quidem
847 2983 880 3043 in
900 2983 1016 3043 classes
1028 2981 1129 3043 divisi
1148 2990 1250 3062 erant,
1275 2982 1361 3064 quod

185 3087 389 3150 manifestum
414 3093 460 3150 est
484 3107 523 3151 ex
544 3089 636 3151 titulo
660 3109 743 3151 anno
766 3091 914 3170 proximo
938 3089 1032 3152 allato
1056 3088 1223 3170 (bulletino
1248 3088 1321 3151 dell’
1341 3090 1361 3151 i.

186 3194 217 3257 d.
237 3214 261 3256 c.
282 3215 307 3257 a.
328 3195 360 3256 di
379 3193 481 3257 Roma
504 3216 530 3261 a.
553 3198 638 3260 1884
657 3217 685 3279 p.
711 3199 771 3260 154
791 3196 860 3280 sn),
885 3217 979 3279 quem
999 3198 1206 3259 Amerinums
1229 3197 1362 3259 libertus

184 3302 231 3364 Ti.
258 3300 389 3365 Claudio
415 3302 525 3366 Veloci
555 3304 749 3386 hymnologo
782 3306 884 3386 primo
917 3303 1027 3366 Matris
1057 3304 1153 3366 deum
1185 3304 1299 3367 Idaeae
1331 3311 1362 3367 et

189 3410 307 3472 Attinis
330 3410 458 3492 publico
483 3411 646 3473 dedicavit.
674 3411 785 3473 eodem
809 3411 902 3473 modo
927 3411 1071 3473 diversae
1094 3411 1210 3474 classes
1232 3411 1363 3474 fuerunt

186 3517 477 3596 cymbalistriarum
501 3525 532 3579 et
554 3518 862 3599 tympanistriarum,
887 3537 970 3600 quae
993 3519 1148 3580 musicam
1171 3527 1362 3583 curaverunt

184 3627 221 3687 in
246 3625 359 3687 sacris:

278 3732 370 3795 Aelia
398 3730 536 3815 Recepta
565 3734 788 3815 tympanistria
817 3732 929 3796 Matris
959 3734 1055 3796 deum
1085 3732 1219 3816 Magnae
1249 3733 1364 3798 Idaeae

186 3837 221 3901 C.
241 3837 265 3900 Ι.
284 3837 317 3901 L.
337 3837 397 3917 Vl,
421 3840 516 3901 2264.

277 3946 454 4009 Trebulano
477 3946 599 4010 Iustina
623 3949 847 4031 tympanistria
870 3946 903 4010 O.
924 3948 946 4010 l.
968 3946 999 4011 L.
1019 3947 1082 4027 IX,
1110 3949 1203 4010 1542.

278 4053 453 4117 Concordia
481 4053 545 4117 Col.
573 4054 685 4118 liberta
712 4057 861 4119 Ianuaria
891 4055 1107 4135 cymbalistria
1130 4056 1199 4117 loco
1223 4056 1364 4119 secundo

186 4162 221 4225 C.
242 4161 265 4223 l.
285 4161 318 4224 L.
337 4160 401 4242 IX,
429 4165 520 4225 1538.

279 4267 461 4331 Secundilla
485 4270 698 4350 cymbalistria
722 4270 754 4333 C.
774 4271 799 4333 l.
818 4269 851 4334 L.
861 4270 900 4350 V,
924 4273 998 4335 519.

279 4375 330 4437 Ex
348 4376 533 4439 tibicinibus
556 4384 661 4440 autem
681 4398 767 4441 uuus
794 4385 918 4441 tantum
938 4379 1030 4441 nobis
1050 4379 1186 4440 occurrit
1210 4379 1243 4439 in
1262 4379 1364 4441 titulis
