3092 5000
638 316 846 376 ..49-

242 491 402 567 Quoniam
434 511 510 555 vero
543 511 607 554 non
639 493 702 554 nisi
739 492 938 554 sacerdotum
975 492 1161 555 muneribus
1193 491 1329 573 cognitis

143 600 318 683 explanari
342 605 456 682 potest,
481 600 641 682 quomodo
665 600 733 662 dies
756 599 828 662 festi
852 600 1000 663 celebrati
1024 602 1102 680 sint,
1131 617 1218 661 nunc
1240 597 1328 659 vide-

143 727 258 788 amus,
289 708 400 789 quales
430 708 561 787 fuerint,
595 706 712 789 quibus
744 707 857 769 diebus
889 709 950 769 aeti
974 708 1037 770 sint
1061 707 1204 789 quidque
1227 724 1329 767 sacer·

145 815 282 877 dotibus
307 815 340 876 in
364 816 403 879 iis
426 814 616 877 faciendum.
650 814 791 895 exceptis
815 820 921 877 autern
946 814 1058 901 diebus
1081 814 1170 876 festis
1194 812 1329 892 Cybeles

145 921 322 985 Plarianae
337 921 387 1005 (cf.
398 925 457 1005 p.3
474 922 545 984 adn.
558 924 576 985 3
593 928 624 984 et
640 921 1039 1004 Marqua1·dt.Gya.u.sein
1059 921 1164 1005 gebiet
1179 940 1207 1003 p.
1219 922 1261 983 95
1272 922 1329 1001 sq.)

145 1035 181 1090 et
217 1030 351 1107 Attidis,
390 1029 508 1111 quibus
540 1048 657 1092 nomen
691 1035 757 1092 erat
793 1018 972 1104 Menidan,
987 1031 1009 1108 ¹)
1043 1032 1330 1110 commemorantur

147 1132 302 1211 astraea
332 1135 363 1198 c.
389 1136 412 1198 1.
440 1137 476 1200 A.
505 1137 551 1218 n,
583 1138 648 1200 470
672 1156 701 1199 v.
731 1138 785 1216 13,
817 1114 940 1218 quana¹
965 1135 1077 1218 ephebi
1109 1135 1203 1198 nata
1234 1135 1328 1197 neum

146 1242 377 1319 sacrificabant
406 1248 612 1326 pateramque
642 1249 768 1305 centum
801 1242 986 1306 drachmum
1018 1243 1219 1322 dedicabant,
1252 1262 1326 1324 qua·

146 1355 283 1432 propter
302 1371 320 1412 a.
339 1357 451 1412 senatu
471 1350 653 1433 populoque
667 1351 809 1413 coronati
828 1355 911 1412 sunt.
936 1350 1013 1412 dicit
1028 1356 1137 1417 nutem
1145 1349 1330 1429 Hesychius

148 1478 180 1539 p.
208 1460 273 1521 333
299 1457 360 1539 (cd.
387 1456 541 1538 Schmidt)
572 1454 660 1520 llaec*
677 1478 699 1520 s
726 1478 755 1519 v.
785 1452 945 1532 Ιίιλάξια·
980 1450 1081 1543 ἑορτή,
1112 1454 1146 1518 ἓν
1169 1443 1188 1542 ᾗ
1212 1452 1327 1539 i'drorut

149 1559 328 1647 γαλαξίαν·
353 1558 419 1627 ibn
447 1561 482 1626 dd
506 1561 629 1639 πόλιος
651 1559 801 1649 κρίθινος
824 1561 858 1625 ἐν
881 1562 1014 1646 γάλακτι
1041 1564 1249 1646 (Schoemann
1273 1564 1291 1626 l.
1310 1564 1329 1627 l.

149 1671 195 1733 ll.
221 1691 249 1754 p,
270 1670 358 1753 528).

245 1776 370 1842 Deinde
394 1780 490 1842 sacris
514 1778 633 1842 Romae
664 1782 800 1862 acceptis
830 1779 1001 1863 Megalesia
1023 1781 1170 1843 instituta
1194 1783 1269 1842 sunt
1293 1778 1329 1839 cf.

149 1886 252 1948 fastos
271 1885 494 1949 Praenestinos
513 1885 556 1967 (C.
574 1886 598 1950 Ι.
613 1885 647 1949 L.
661 1886 676 1948 l
690 1908 720 1969 p.
733 1890 809 1968 316)
829 1888 867 1950 ad
887 1887 938 1949 lV'
955 1887 1037 1950 diem
1057 1889 1175 1950 mensis
1192 1886 1329 1969 Aprilis:

152 1992 225 2054 ludi
257 1991 367 2055 Matris
398 1994 492 2056 deum
523 1993 637 2057 idaeae
668 1993 861 2076 Megalensia
892 2001 1054 2075 vocantur,
1088 1994 1174 2076 quod
1206 2014 1243 2056 ea
1273 1994 1332 2056 dea

152 2098 273 2181 Migale
297 2100 480 2183 appellatur.
527 2101 684 2164 nobilium
708 2103 924 2165 mutilationes
948 2122 1100 2165 cenarum
1123 2102 1234 2165 solitae
1257 2107 1332 2164 sunt

152 2205 340 2289 frequenter
361 2206 443 2288 fieri,
468 2209 554 2289 quod
574 2207 675 2270 Mater
694 2207 810 2290 Magna
829 2228 870 2271 ex
888 2209 977 2271 libris
997 2208 1164 2271 Sibullinis
1183 2210 1333 2271 arcessita

153 2313 263 2376 locum
287 2315 423 2376 mutavit
446 2334 487 2376 cx
511 2314 653 2397 Phrygia
675 2314 810 2378 Roniam
833 2314 937 2398 (Ovid.
960 2320 986 2379 7.
1006 2315 1062 2396 IV,
1087 2319 1151 2379 352
1171 2336 1217 2398 sq.
1260 2315 1333 2378 Gel-

154 2419 220 2481 lius
242 2421 296 2501 18,
320 2423 355 2502 2,
377 2425 425 2486 11.
450 2424 485 2502 2,
505 2423 561 2503 24,
581 2420 622 2504 2).
663 2427 748 2484 recte
770 2422 910 2505 profecto
935 2424 1091 2486 conclusit
1114 2422 1332 2486 Mommsenus

154 2527 197 2590 ad
218 2525 250 2589 0.
270 2527 294 2589 l.
314 2526 347 2590 L.
368 2528 384 2590 I
402 2549 431 2610 p.
452 2530 530 2609 389,
555 2549 628 2590 cum
648 2527 783 2592 Ovidius
806 2529 826 2593 f.
846 2529 902 2611 lv,
921 2533 985 2595 337
1003 2551 1049 2613 sq.
1066 2535 1097 2594 et
1115 2532 1331 2613 menologium

154 2636 310 2697 rusticam
328 2636 497 2700 lavationis
517 2636 615 2699 solius
634 2636 828 2700 mentionem
846 2637 976 2719 faciant,
995 2639 1136 2720 reliquos
1156 2639 1223 2702 dies
1236 2638 1332 2701 festos

154 2742 330 2824 posteriore
353 2748 455 2805 aetate
478 2742 561 2805 inter
583 2742 712 2825 publica
734 2742 951 2806 Romanorum
976 2765 1065 2807 sacra
1089 2750 1230 2827 receptos
1254 2765 1331 2807 esso.

155 2849 308 2912 describit
331 2857 437 2940 antem
462 2849 597 2912 Ovidius
621 2850 640 2912 l.
660 2851 678 2912 l.
703 2851 895 2914 lavationem
919 2853 1005 2915 hisce
1028 2852 1151 2914 verbis:

294 2963 341 3019 ost
363 2958 467 3038 locun,
490 2960 524 3019 in
548 2958 683 3021 Tiberim
710 2979 773 3040 qua
797 2959 941 3022 lubricus
964 2960 1071 3021 inlluit
1094 2960 1189 3022 Almo

372 3075 403 3128 et
427 3085 542 3128 nomen
565 3085 681 3148 magno
704 3067 809 3148 perdit
832 3066 871 3128 ab
895 3086 987 3129 amno
1010 3067 1121 3130 minor.

294 3172 357 3234 illic
380 3192 540 3255 purpurea
563 3192 662 3235 canus
685 3192 759 3235 cum
784 3182 872 3236 veste
896 3174 1050 3238 sacerdos

371 3280 519 3342 Almonis
543 3279 703 3342 dominam
728 3300 882 3361 sacraque
905 3282 983 3343 lavit
1006 3283 1106 3363 aqum,

292 3387 460 3449 exululant
482 3388 613 3449 comites
636 3387 821 3469 furiosaque
844 3388 919 3450 tibia
943 3387 1039 3450 ilatur

372 3500 404 3558 ot
425 3494 544 3557 feriunt
568 3477 679 3558 molles
704 3502 815 3559 taurea
837 3502 924 3578 terga
947 3516 1070 3559 liranus.

294 3600 428 3665 Claudia
450 3602 611 3684 praecedit
634 3604 715 3665 laeto
740 3602 946 3666 celeberrima
968 3604 1056 3667 voltu

373 3710 491 3772 credita
514 3711 572 3771 vix
595 3711 723 3773 tandem
746 3716 825 3773 teste
847 3711 964 3793 pudica
988 3712 1054 3773 dea.

226 3870 229 3876 .
292 3816 361 3899 ipsa
384 3817 497 3880 sedens
519 3818 661 3900 plaustro
684 3824 775 3901 porta
798 3824 846 3881 est
868 3821 994 3882 invecta
1018 3818 1156 3903 Capena3

373 3930 568 4006 sparguntur
590 3926 718 3988 iunctae
741 3924 820 3988 llore
842 3931 968 3988 recente
991 3925 1096 3989 boves.

157 4031 373 4039 ,Μ

250 4101 278 4167 1)
298 4100 418 4155 Visconti
438 4115 498 4153 nnn.
511 4100 572 4154 inst.
586 4101 620 4153 41
634 4119 660 4168 p.
671 4102 737 4154 227:
758 4102 781 4154 si
800 4118 830 4155 sc
848 4103 898 4155 che
917 4102 943 4155 lo
962 4081 1147 4156 smanimonto
1167 4103 1199 4156 ed
1219 4102 1237 4154 il
1257 4102 1334 4155 ritro-

156 4192 285 4243 vamento
304 4191 347 4243 del
365 4206 447 4243 numo
466 4190 565 4256 solaro,
590 4190 617 4242 in
642 4196 750 4258 qiresta,
777 4175 851 4244 coine
875 4192 902 4243 in
928 4190 995 4244 altre
1019 4192 1099 4245 simili
1124 4192 1245 4245 idolatrie
1265 4192 1335 4245 dolla

157 4281 268 4347 natura,
288 4280 412 4333 stabilire
430 4281 482 4332 duo
502 4280 602 4347 periodi
622 4281 648 4332 di
662 4281 728 4332 leste
747 4282 969 4350 ossenzialmonto
988 4283 1101 4349 divorso,
1122 4282 1148 4333 di
1167 4282 1235 4334 lutto
1254 4281 1334 4342 l'nno,

157 4367 248 4420 l’altrn
267 4369 293 4420 di
312 4369 466 4438 allogmzzn.

1158 4482 1175 4531 4
