3092 5000
637 344 846 405 ...25-

142 520 294 603 Agorins
319 521 570 599 Praetextatus)
594 521 700 602 (†cos.
721 520 905 601 designatus
929 541 955 581 0.
976 521 1066 597 385),
1099 518 1209 580 Virius
1236 516 1329 579 Nico·
1406 572 1409 579 .

141 628 285 690 machus
310 627 480 691 Flavianus
490 633 511 708 ²)
535 630 610 711 1000.
630 649 656 691 0.
677 626 754 709 394)
774 628 875 690 001101
899 646 1022 710 pagano
1047 625 1144 689 dediti
1168 631 1263 687 erant.
1295 626 1328 686 in
1421 684 1423 688 ,

143 755 233 816 quos
251 735 414 798 invehitur
428 755 608 816 anonymus
624 741 734 798 auctor
749 736 897 797 carminis
913 735 1031 797 codicis
1042 733 1179 796 Parisini
1195 734 1329 811 nsosl,

143 841 239 923 quod
273 863 292 904 a
321 841 518 905 Mommseno
551 845 585 905 in
617 841 755 905 Hermae
786 843 846 904 vol.
875 841 923 904 IV
950 841 1070 924 publici
1101 841 1180 903 iuris
1214 842 1329 923 optime

144 948 273 1011 factum
296 949 355 1011 hac
378 956 478 1012 aetate
502 952 711 1033 compositum
734 955 789 1012 est.

243 1053 391 1138 Denique
415 1056 453 1118 de
479 1057 579 1119 titulis
608 1056 648 1118 ad
676 1057 754 1118 haec
784 1062 925 1138 tempora
954 1055 1185 1138 pertinentibus
1209 1055 1327 1117 dicam:

150 1161 216 1225 111.
241 1162 273 1225 0.
294 1162 322 1226 Ι.
342 1163 380 1226 L.
398 1163 452 1243 VI,
470 1165 571 1242 1675,
597 1182 693 1245 quem
711 1163 858 1225 Alfenius
878 1161 1027 1224 Ceionius
1048 1161 1191 1224 lulianus
1210 1159 1326 1223 Kame·

146 1270 228 1331 nius
254 1269 293 1334 V.
320 1269 352 1333 O.
381 1270 611 1333 tauroboliatus
641 1277 712 1332 ante
745 1291 770 1333 a.
799 1272 862 1333 333
896 1271 1014 1352 posuit,
1047 1288 1120 1331 cnm
1152 1269 1211 1330 hoc
1244 1286 1327 1329 anno

145 1396 285 1440 munere
309 1377 523 1460 praefecturae
547 1378 634 1440 urbis
657 1378 852 1461 fungeretur,
877 1377 962 1459 quod
986 1379 1018 1438 in
1043 1377 1135 1438 titulo
1160 1395 1225 1438 non
1243 1394 1327 1437 com-

147 1490 355 1548 memoratur.
380 1486 431 1548 cui
455 1487 620 1567 proximus
644 1492 692 1548 001
715 1487 759 1549 111.
784 1484 816 1546 (3.
835 1484 863 1547 I.
882 1483 921 1546 L.
940 1483 993 1561 VJ,
1010 1486 1081 1545 498
1099 1485 1133 1546 in
1152 1503 1206 1545 ara
1224 1488 1329 1544 tauro-

147 1591 275 1655 boliaca
299 1598 426 1673 extans,
450 1612 547 1675 quam
566 1593 749 1655 Antoninus
768 1590 807 1654 V.
828 1590 859 1655 C.
879 1591 1022 1674 pontifex
1042 1599 1072 1653 et
1095 1589 1330 1672 quindecimvir

149 1699 252 1761 sacris
275 1699 434 1762 faciundis
458 1699 635 1763 taurobolio
660 1700 801 1761 confecto
821 1699 870 1760 ΙΙΙ
890 1698 958 1761 Kal.
979 1698 1078 1761 llaias
1098 1697 1142 1761 Fl.
1162 1697 1276 1759 Anicio
1299 1701 1330 1758 01

148 1804 341 1889 Nigriniano
372 1807 556 1869 consulibus
585 1807 628 1890 (d.
653 1810 695 1869 ‘29
720 1827 759 1871 m.
785 1808 884 1890 April.
908 1828 934 1870 a.
960 1808 1035 1885 350)
1059 1806 1192 1869 feliciter
1219 1823 1329 1866 00000

150 1915 262 1975 oravit.
297 1915 430 1977 similem
455 1935 541 1977 aram
566 1915 684 1977 dicavit
706 1916 740 1976 in
764 1916 809 1977 tit.
835 1914 969 1997 bilingui
997 1912 1080 1975 (211.
1106 1911 1141 1974 L.
1172 1911 1230 1989 l'l,
1258 1914 1330 1972 5119

149 2019 322 2082 Petronius
339 2021 556 2103 Apollodorus
571 2021 608 2083 V.
628 2021 659 2086 C.
679 2022 823 2104 pontifex
842 2023 950 2100 maior,
974 2020 1208 2103 quindecimvir
1231 2019 1328 2081 sacris

148 2127 324 2208 faciundis,
348 2133 436 2211 pater
459 2148 620 2192 sacrorum
645 2130 696 2192 dei
719 2131 830 2191 invicti
850 2128 984 2192 Mithrae
1008 2127 1182 2190 taurobolio
1207 2125 1328 2188 criobo-

150 2234 262 2317 lioquc
291 2241 436 2318 percepto
467 2255 532 2298 una
559 2256 632 2298 cum
662 2235 746 2298 Rufa
768 2236 945 2298 Volusiano
977 2235 1009 2296 C.
1032 2234 1097 2296 11110
1128 2234 1191 2314 (vel
1224 2233 1329 2315 polius

151 2342 328 2404 clarissima
348 2342 501 2423 feminal)
521 2345 654 2425 coniuge
670 2342 751 2405 XVI
766 2342 904 2406 Kallul.
912 2342 1135 2405 Valentiniano
1155 2347 1186 2403 et
1196 2340 1328 2403 Valente

152 2449 311 2531 Augustis
330 2449 379 2512 HI
398 2450 583 2514 consulibus
602 2451 641 2530 (d.
665 2452 704 2514 16
721 2471 760 2514 0.
776 2450 862 2514 lunii
881 2471 907 2515 a.
925 2449 1017 2532 370);
1042 2448 1203 2533 probabile
1222 2453 1328 2511 antem

151 2562 200 2620 est
218 2555 334 2619 Rufum
344 2557 552 2620 Volusianam
572 2558 671 2621 fnisse
689 2558 786 2621 filiam
807 2557 839 2621 Ο.
850 2558 923 2622 Rufi
935 2558 1102 2621 Volusiani
1114 2557 1153 2621 V.
1170 2555 1202 2619 C.
1220 2556 1327 2639 patris

154 2664 395 2746 hierophantae,
425 2666 594 2748 prophetae
622 2666 730 2745 Isidis,
760 2667 919 2749 pontilicis
944 2667 995 2729 dei
1018 2666 1113 2746 Solis,
1138 2666 1194 2748 qui
1218 2670 1327 2727 votum

153 2772 251 2835 solvit
275 2792 329 2834 ara
351 2792 540 2855 marmorea,
565 2774 657 2836 cuius
683 2775 846 2857 inscriptio
866 2774 982 2856 legitur
1001 2774 1033 2835 C.
1050 2773 1074 2836 l.
1090 2772 1123 2835 Il·
1135 2773 1190 2853 Vl,
1210 2773 1283 2836 846.

244 2877 338 2941 Matri
354 2885 460 2942 autom
479 2880 573 2943 deum
584 2880 716 2962 Magnae
731 2881 844 2944 ldaeac
858 2901 1000 2944 summac
1014 2881 1135 2962 parenti
1151 2886 1182 2942 et
1191 2878 1328 2942 Hermae

153 2992 186 3048 et
205 2986 308 3048 Attidi
328 2986 559 3067 Monotyranno
581 2989 698 3051 invicto
719 2987 850 3051 Clodius
868 2988 1144 3070 Hermogenianns
1164 2986 1329 3049 Caesarius

151 3093 191 3156 V.
213 3091 255 3172 C,
276 3094 332 3175 qui
355 3094 440 3156 idem
459 3113 528 3157 esse
547 3095 674 3157 videtur
692 3103 789 3178 atque
808 3096 861 3158 ille
882 3115 988 3157 comes
1007 3115 1114 3157 rerum
1132 3095 1328 3177 privatarum

151 3202 187 3262 10
212 3200 279 3262 cod.
293 3201 407 3263 Theod.
426 3201 468 3284 X,
490 3207 517 3283 1,
538 3204 557 3264 3
577 3224 602 3265 0.
623 3205 688 3267 364
708 3211 985 3283 commemoratus
1004 3203 1174 3285 proconsul
1193 3202 1329 3274 Africae,

151 3308 332 3391 praefectus
360 3308 449 3371 urbis
474 3308 607 3390 Romae,
644 3311 878 3393 quindecimvir
912 3312 1010 3373 sacris
1037 3310 1196 3373 faciundis
1224 3315 1329 3371 tauro·

152 3593 193 3646 ed.
209 3592 239 3646 Ο.
253 3592 371 3660 Sccckl:
391 3596 490 3662 quanto
508 3596 613 3662 parcior
625 3596 708 3649 vestri
727 3597 845 3649 numinis
865 3596 956 3650 cultus
975 3600 1015 3649 est
1033 3612 1114 3665 quam
1134 3597 1256 3649 deorum!
1275 3595 1329 3649 illis

152 3682 260 3751 singula
278 3682 379 3750 templa
397 3684 543 3737 fundantur
562 3688 589 3738 01
612 3702 661 3739 000
685 3686 782 3755 cuique
805 3686 929 3739 locantur
946 3686 1048 3740 altaria.
1086 3686 1147 3738 inde
1166 3689 1198 3738 01
1216 3686 1329 3738 arbitror

152 3771 308 3825 maluerunt
327 3773 446 3840 dispares
465 3774 541 3841 ritus,
560 3792 594 3827 ne
612 3776 640 3827 in
660 3776 823 3829 consortium
842 3779 1011 3844 cogorentnr:
1030 3775 1099 3828 nulli
1118 3793 1180 3829 eum
1193 3775 1275 3828 altero
1288 3775 1328 3828 100

124 3915 128 3926 ,
152 3865 194 3915 001
219 3862 310 3915 dicare
333 3862 471 3929 pulvinum
496 3864 568 3917 huno
593 3865 725 3933 phrygius
750 3866 862 3918 antistes
889 3864 988 3933 placat,
1012 3866 1084 3919 hunc
1107 3866 1239 3933 pontifex,
1267 3865 1328 3918 illas

153 3954 244 4005 000100
263 3953 362 4004 matres
375 3954 487 4005 tuentur
505 3969 577 4021 araS,
597 3955 646 4007 has
665 3955 779 4009 infulata
791 3956 866 4025 virgo
886 3956 1017 4021 custodit;
1036 3959 1209 4024 sumpserunt
1221 3956 1329 4009 nomina

154 4041 262 4094 divorsa
280 4043 320 4094 tot
338 4040 468 4109 flamines
487 4060 521 4095 ue
539 4046 648 4111 possent
661 4044 701 4097 dis
721 4044 843 4112 pluribus
857 4061 916 4098 esso
929 4062 1093 4098 communes.
1112 4046 1185 4113 ipsas
1197 4045 1327 4098 nobilium

153 4130 269 4183 divisero
294 4132 398 4199 gentes:
427 4131 546 4185 Pinarios
571 4132 702 4186 Hercules
727 4135 880 4202 occupavit,
906 4136 987 4188 Idaea
1011 4135 1097 4188 Mater
1120 4134 1185 4204 legit
1208 4136 1327 4204 hospites

153 4220 299 4289 Scipiones,
318 4220 442 4275 Veneriis
461 4222 544 4274 sacris
563 4222 693 4276 famulata
711 4227 752 4276 est
771 4224 866 4277 domus
886 4225 962 4280 Iulia.

243 4311 432 4378 Dmpffl

243 4402 271 4468 2)
291 4401 319 4454 C.
328 4401 440 4470 I.L.VI‚
452 4402 530 4457 1782.
549 4402 658 4471 Teuffel,
672 4404 762 4475 gesch.
775 4404 799 4457 d.
810 4408 875 4458 rom.
886 4404 936 4458 litt.
947 4406 959 4434 ⁴
964 4422 990 4474 p.
998 4404 1075 4458 1007.
1089 4405 1167 4475 §428
1177 4405 1236 4459 adn.
1250 4406 1327 4460 1-4.
