3092 5000
719 340 926 400 -24-

237 514 354 601 Attidis
379 514 550 596 explanare
573 514 725 595 instituit,
754 515 859 578 cultus
884 516 1050 578 orientales
1073 522 1158 579 ortos
1182 536 1251 579 esse
1275 522 1418 595 censeat,

237 627 365 704 apparet
388 640 429 684 ex
452 640 488 684 eo
513 622 599 703 quod
624 642 647 685 c.
670 624 720 703 13,
739 624 759 685 2
784 622 916 706 Serapio
939 623 1105 706 coniungit
1128 644 1201 687 oum
1223 624 1335 686 fabula
1358 624 1419 685 illa

237 729 375 812 Iosephi,
405 730 470 810 oui,
504 731 580 811 quia
608 729 719 793 Sarrae
747 749 904 813 pronepos
936 730 1045 811 fuerit,
1076 727 1148 814 ‘post
1176 737 1313 795 mortem
1342 732 1419 794 eius

237 856 354 899 nomen
377 833 504 920 Σάρρας
527 838 610 911 παῖς
638 833 815 921 (Σάραπις)
843 838 982 901 inditum
1005 839 1058 919 111,
1091 845 1122 901 11
1145 858 1169 901 c.
1196 842 1215 902 3
1240 839 1420 901 hariolator

239 942 413 1027 „Phryges
436 949 473 1006 11
496 963 638 1006 annuum
662 944 722 1006 sibi
746 964 908 1007 sacrorum
927 945 1070 1007 ordinem
1092 945 1243 1026 facerent,
1267 946 1419 1008 mulieris

240 1051 348 1114 divitis
372 1071 407 1113 11
430 1052 557 1134 reginae
581 1070 657 1114 suae
680 1070 833 1132 amorem,
857 1071 939 1133 quae
960 1051 1061 1114 fastus
1085 1053 1180 1115 amati
1200 1053 1419 1115 adulescentis

239 1160 404 1239 tyrannice
427 1159 581 1221 voluisset
603 1159 727 1240 ulcisci,
760 1178 834 1221 cum
856 1159 994 1222 luctibus
1018 1160 1133 1222 annuis
1157 1179 1358 1222 consecrasse
1384 1166 1419 1222 ot

239 1267 419 1345 iactavisse,
443 1270 498 1328 aut
520 1269 557 1328 ut
580 1267 656 1328 satis
679 1266 778 1328 iratae
796 1266 922 1328 mulieri
945 1266 1083 1328 facerent
1106 1271 1161 1328 aut
1183 1271 1220 1329 ut
1237 1267 1418 1349 paenitenti

241 1374 394 1436 solacium
414 1376 608 1456 quaererent,
628 1391 703 1434 eum
722 1391 817 1454 quem
835 1373 930 1455 paulo
949 1377 1022 1435 ante
1042 1373 1230 1455 sepelierant
1246 1375 1418 1455 revixisse,

240 1487 270 1543 11
300 1500 372 1542 cum
399 1480 543 1542 mulieris
566 1476 697 1542 'animus
727 1498 767 1542 ex
798 1479 992 1561 impatientia
1021 1480 1112 1541 nimii
1141 1482 1257 1542 amoris
1281 1481 1419 1562 arderet,

240 1593 364 1651 mortuo
388 1587 584 1650 adulescenti
606 1586 724 1668 templa
746 1586 883 1649 fecisse.“
925 1586 985 1648 hoc
1009 1586 1138 1668 quidem
1162 1587 1357 1670 impetravit,
1381 1596 1420 1652 ut

241 1698 349 1758 1341
377 1692 580 1756 Constantius
604 1693 752 1774 ediceret,
775 1699 813 1756 ut
835 1692 1061 1756 sacrificiorum
1085 1693 1266 1757 aboleretur
1288 1697 1420 1758 insania

241 1803 321 1886 (cod.
340 1801 490 1864 Theodos.
514 1800 610 1882 XVI,
638 1802 693 1882 10,
719 1799 766 1883 2),
790 1802 1036 1882 1111111346,
1060 1802 1420 1866 1111111111111111111

241 1910 435 1973 abstinerent
451 1914 482 1972 et
497 1910 598 1992 siquis
615 1909 738 1990 aliquid
754 1908 835 1971 forte
851 1908 1035 1971 huiusmodi
1051 1911 1292 1991 perpetravisset
1308 1910 1419 1992 gladio

241 2018 343 2080 ultore
367 2021 559 2080 sterneretur
582 2016 661 2100 (cod.
687 2015 839 2079 Theodos.
863 2014 957 2096 XVI,
983 2017 1037 2095 10,
1062 2017 1101 2095 4).
1148 2022 1285 2079 attamen
1309 2018 1420 2080 cultus

242 2125 346 2188 denuo
376 2131 504 2188 renatus
535 2130 582 2187 est
611 2123 738 2186 iuliano
768 2124 957 2206 imperatore
981 2124 1020 2206 (a.
1050 2122 1263 2205 361-363),
1294 2126 1350 2206 qui
1381 2131 1421 2188 ut

242 2232 352 2295 Matris
380 2233 490 2313 deum,
523 2252 618 2314 quam
647 2233 788 2295 oratione
816 2233 929 2313 quinta
954 2230 1109 2294 laudibus
1136 2233 1251 2294 extulit
1262 2232 1298 2313 ¹),
1326 2253 1421 2295 sacra

242 2339 391 2402 florerent
420 2359 577 2401 summam
606 2358 732 2422 operam
762 2339 892 2401 navavit
921 2339 965 2400 ita
987 2343 1024 2400 11
1047 2336 1248 2401 Callixenunr
1271 2339 1353 2401 bene
1378 2341 1421 2403 de

243 2447 426 2511 sacerdotiis
445 2448 594 2510 meritum
614 2447 733 2530 duplici
753 2451 783 2510 11
802 2444 959 2509 Demetris
980 2450 1011 2509 et
1029 2442 1138 2509 Matris
1157 2444 1293 2530 Magnae
1312 2446 1421 2511 Pessi-

242 2556 374 2618 nuntiae
407 2555 580 2617 sacerdotio
613 2555 782 2619 honoraret
816 2558 912 2636 atque
943 2554 1074 2616 Arsacio
1116 2553 1257 2617 Galatiae
1290 2573 1420 2618 summo

244 2662 398 2726 sacerdoti
421 2664 600 2745 imperaret,
624 2666 660 2724 ut
683 2661 882 2724 Pessinuntis
905 2661 1025 2725 incolas
1049 2661 1089 2723 ad
1111 2660 1245 2724 Matrem
1265 2660 1422 2742 Magnam

244 2770 409 2833 colendam
432 2770 620 2852 impelleret3
650 2769 726 2832 dicit
749 2770 835 2831 enim
858 2769 917 2853 (ep.
937 2767 1010 2850 49):

378 2872 413 2938 οὐ
437 2872 495 2959 γάρ
518 2899 576 2956 μοι
599 2871 698 2957 θέμις
721 2870 792 2937 ἐστὶ
815 2871 984 2956 κομιζέμεν
1008 2865 1074 2938 οὐδ’
1099 2870 1255 2958 ἐλεαίρειν

377 2979 500 3067 ἀνέρας,
524 2981 559 3046 οἵ
579 2984 768 3047 redactura
791 2972 977 3060 ‹irra'xdrovt'
999 2979 1226 3045 ἀθανάτοισιν.

244 3087 348 3155 nator
371 3086 478 3153 reiron
508 3087 637 3168 αὐτούς,
667 3085 697 3153 εἰ
720 3100 776 3175 τῆς
799 3080 877 3174 παρ’
905 3086 984 3170 ἐμοῦ
1005 3084 1198 3176 κηδεμονίας
1221 3086 1421 3169 ἀντέχονται,

244 3195 410 3285 πανδημεὶ
433 3208 490 3283 τῆς
513 3197 648 3285 Μητρὸς
671 3210 737 3259 τῶν
759 3201 847 3260 θεῶν
872 3191 982 3273 ἱκέτας
1004 3193 1167 3280 γενέσθαι.
1200 3197 1203 3205 '

335 3305 405 3382 Quo
424 3313 549 3370 mortuo
569 3304 981 3390 111111111Τ111111111112)
1000 3306 1039 3389 (a.
1051 3306 1422 3388 319-391111111111

244 3434 384 3499 paganas
402 3413 548 3476 funditus
567 3417 707 3477 evertere
727 3417 858 3476 conatus
878 3418 939 3490 est,
965 3432 1159 3496 quamquam
1178 3413 1279 3495 ipsius
1297 3403 1421 3496 tempo-

246 3523 336 3585 ribus
368 3523 430 3583 viri
461 3522 704 3604 praeclarissimi
736 3519 977 3602 Symmachusss)
1010 3522 1083 3600 (cos.
1113 3539 1139 3582 1.
1167 3517 1259 3602 391),
1291 3520 1422 3586 Vettius

336 3683 362 3749 l)
382 3681 421 3735 Cf.
435 3699 460 3749 p.
478 3680 530 3732 232
549 3680 590 3734 ed.
608 3679 742 3732 Hertlein:
768 3672 789 3729 11
808 3678 880 3730 θεῶν
904 3682 950 3730 καὶ
970 3673 1124 3747 ἀνθρώπιον
1146 3678 1232 3748 μῆτερ
1247 3718 1253 3728 .
1268 3720 1274 3729 .
1289 3720 1294 3729 .
1310 3720 1315 3729 .
1331 3720 1336 3729 .
1352 3720 1373 3740 .,
1400 3673 1422 3730 ὦ

246 3766 357 3824 πάντων
375 3771 429 3843 μὲν
442 3764 557 3837 ἀμαθῶν
576 3774 633 3827 τοῖς
651 3774 755 3838 corpote
777 3761 914 3838 ἡγδιμένη
934 3773 1022 3827 θεοῖς,
1042 3761 1153 3818 πάντων
1167 3766 1197 3819 dt
1217 3761 1420 3836 ιῖπότιληροῦσιι

246 3855 295 3914 τὸν
313 3853 450 3925 αἰσθητὸν
468 3854 583 3930 κόσμον,
608 3852 700 3910 πάντα
721 3856 752 3909 dt
772 3851 840 3928 ἡμῖν
858 3859 888 3908 ἐν
907 3857 994 3908 πᾶσιν
1013 3850 1110 3924 ιῖγιιθᾶ
1131 3860 1316 3927 praeoptet,
1336 3855 1422 3910 (111111

247 3951 316 4003 πᾶσι
340 3950 393 4021 μὲν
418 3944 575 4019 ἀνθρώποις
598 3941 791 4018 εὐδαιμονίαν,
815 3934 845 4011 ἧς
870 3939 900 3998 τὸ
926 3940 1077 4023 κεφάλαιον
1106 3939 1121 4012 ἡ
1148 3947 1200 3997 τῶν
1225 3945 1297 3996 θεῶν
1322 3947 1422 4013 γνῶσίς
1464 3942 1469 3951 ’

247 4043 304 4093 ἐστι
322 4042 378 4092 κτλ.
416 4041 504 4091 Amin.
522 4036 604 4091 Marc.
623 4036 715 4097 XXII.
734 4035 760 4102 9,
779 4035 858 4088 5-8.
888 4035 1016 4089 libanius
1034 4036 1062 4087 in
1081 4047 1146 4088 orat.
1170 4036 1304 4089 consulari
1322 4053 1347 4104 p.
1368 4037 1421 4090 247

247 4133 274 4184 et
292 4130 319 4182 in
338 4128 462 4183 monodia
481 4128 514 4179 de
532 4126 629 4195 Iuliani.
648 4126 722 4179 obitu
740 4143 765 4193 p.
780 4125 841 4179 254.

337 4219 364 4288 2)
385 4217 448 4271 Cod.
462 4217 559 4270 Theod.
573 4215 649 4282 XVI,
670 4215 693 4281 7,
714 4216 737 4267 1.
753 4214 795 4281 10,
810 4215 834 4266 7.
849 4214 891 4267 10.
906 4217 947 4267 11.
963 4215 1005 4268 12.
1025 4214 1126 4283 Symm.
1141 4231 1199 4283 epp.
1212 4215 1249 4281 X,
1265 4216 1308 4268 61.
1327 4215 1421 4270 Liban.
1519 4213 1520 4222 ’

248 4303 316 4380 ὑπὲρ
335 4308 389 4359 τῶν
409 4306 492 4375 ἱερῶν.
522 4305 622 4359 Socrat.
636 4305 700 4358 hist.
714 4304 779 4358 eccl.
790 4304 823 4371 V,
838 4304 880 4357 16.
910 4304 1005 4358 Zosim.
1018 4304 1066 4371 IV,
1086 4303 1128 4357 33.
1142 4303 1186 4355 37.
1200 4303 1242 4357 59.

338 4396 365 4467 3)
385 4395 497 4449 Laudat.
510 4394 538 4447 in
544 4395 761 4448 Valentinianum
774 4394 802 4447 H
816 4393 944 4462 (monum.
955 4394 1042 4446 Germ.
1056 4394 1083 4450 h.
1098 4394 1179 4446 auctt.
1194 4394 1332 4463 antiquiss.
1343 4395 1392 4464 VI,
1406 4398 1421 4450 1
1519 4391 1520 4410 ¹
