3092 5000
671 338 879 399 ...34-

185 512 294 592 deum,
317 513 374 575 sed
398 516 492 577 etiam
515 516 549 576 in
573 515 725 591 carmine,
750 515 836 596 quod
861 534 901 578 ex
925 515 1043 597 Apulei
1066 516 1233 578 cuiusdam
1252 515 1361 577 libello

185 620 336 682 traditum
368 622 401 682 in
432 621 621 704 CeoponIeis
651 621 712 705 (ed.
738 621 848 684 Niolas
877 622 975 703 1781)
994 622 1091 703 XIII,
1117 627 1151 704 5,
1178 627 1198 686 4
1226 623 1359 705 legitur:

185 724 295 807 λαβὼν
323 726 444 815 χάρτην
475 724 638 813 epyporbov
668 723 714 804 εἷς
746 725 845 791 αὐτὸν
875 738 993 791 ruera·
1024 725 1175 813 ἕξορκίζω
1197 737 1257 809 μῦς
1288 729 1363 804 τοὺς

185 830 330 896 ἐνταῦθα
350 833 706 917 καταλαμβανομένοις,
729 835 773 922 μή
792 859 833 917 με
849 833 1024 922 ἀδικήσῃτε
1042 832 1135 898 (recol
1158 835 1240 921 μήτε
1262 834 1363 898 ἄλλον

185 937 313 1026 ἕάσῃῑε·
339 937 457 1022 δίδωμι
489 943 548 1027 γὰρ
572 940 667 1026 ἀγρὸν
690 942 765 1023 ὑμῖν
792 941 881 1006 τόνδε
904 940 970 1024 (καὶ
996 939 1097 1026 λέγεις
1121 943 1241 1023 ποῖον).
1271 937 1299 1006 εἰ
1324 940 1362 1005 δὲ·

185 1046 268 1128 ὑμᾶς
291 1043 337 1111 ἔτι
364 1035 426 1112 adde
450 1039 545 1125 dacor
568 1047 754 1131 καῑαλάβα),
780 1049 983 1134 παραλαβὼν
1006 1063 1071 1111 τῶν
1093 1053 1182 1113 θεῶν
1205 1050 1262 1135 τὴν
1280 1053 1360 1136 Μη-

189 1152 261 1238 cepa
286 1155 444 1243 ὄιαιρήσα
467 1157 549 1237 ὑμᾶς
571 1152 617 1233 εἰς
640 1154 720 1244 μέρη
745 1151 772 1234 ζ’
795 1157 901 1239 arist).

274 1262 421 1346 Denique
444 1271 541 1327 restat
563 1270 600 1327 ut
623 1265 683 1329 hoo
713 1266 814 1348 eapite
845 1265 1018 1348 disputem,
1048 1264 1210 1346 quomodo
1241 1262 1362 1343 Cybele

186 1374 216 1431 et
239 1371 324 1432 Attis
347 1370 386 1432 ab
411 1370 586 1434 artificibus
609 1371 772 1453 fingantur
795 1377 890 1453 atque
914 1390 995 1453 quae
1019 1390 1069 1434 res
1092 1372 1132 1433 iis
1155 1390 1263 1433 sacrae
1287 1372 1360 1433 siut.

186 1496 275 1539 saera
304 1483 411 1539 autem
441 1483 507 1540 erat
536 1477 630 1540 Matri
658 1477 793 1560 Magnae
816 1479 925 1561 pinus,
955 1477 1015 1540 sub
1047 1498 1111 1560 qua
1133 1478 1275 1541 Attidem
1298 1477 1362 1539 sibi

186 1584 365 1647 desecuisse
388 1584 537 1666 genitalia
555 1584 663 1646 fabula
686 1590 807 1661 narrat3
832 1605 906 1647 oum
925 1605 1000 1648 vero
1019 1584 1144 1648 Probus
1164 1585 1203 1647 ad
1222 1585 1361 1667 Vergilii

187 1691 222 1754 G.
242 1692 288 1773 ss,
309 1694 350 1754 84
375 1691 458 1753 dieat
482 1711 668 1774 cupressum
691 1694 720 1755 ei
744 1700 865 1754 saerar'n
888 1693 1000 1773 fuisse,
1024 1692 1098 1755 inde
1122 1693 1182 1755 hoo
1200 1693 1362 1775 explican-

186 1800 264 1861 dum
292 1806 350 1878 est,
380 1800 466 1881 quod
493 1799 595 1863 Mater
618 1799 734 1882 Magna
764 1800 970 1882 coniungitur
997 1820 1071 1862 oum
1097 1798 1186 1863 Rhea
1210 1798 1362 1880 Cretensi,

187 1926 251 1988 qua
273 1908 307 1968 in
330 1906 437 1969 insula
459 1907 515 1968 illa
538 1906 632 1968 arbor
650 1907 806 1989 imprimis
829 1906 945 1970 tloruit.
970 1912 1080 1969 eontra
1098 1907 1226 1968 Aeliani
1245 1905 1360 1969 verba:

188 2010 301 2100 Μητρὶ
325 2010 361 2075 δὲ
387 2016 472 2076 θεῶν
495 2014 550 2075 τὸν
572 2010 711 2097 μέρμναν
734 2033 776 2076 se.
796 2009 1015 2096 προσνέμουσι
1039 2013 1090 2094 (de
1114 2015 1206 2075 anim.
1227 2011 1306 2093 ΧΠ,
1326 2011 1362 2094 4)

188 2121 284 2183 dubia
307 2122 385 2183 mihi
409 2140 477 2183 esse
495 2121 654 2202 ridentur,
680 2118 841 2203 quoniam
858 2141 1019 2203 nusquam
1043 2120 1119 2182 alibi
1142 2121 1202 2182 hoe
1226 2120 1363 2182 traditur

186 2248 292 2310 neque
315 2230 349 2290 in
371 2228 565 2310 Imaginibus
589 2229 668 2290 haee
691 2231 758 2291 avis
782 2230 811 2291 ei
835 2229 994 2292 tribuitur.

276 2333 422 2397 Ceterum
439 2354 532 2417 saepe
547 2334 711 2397 finxerunt
721 2334 864 2415 Cybelen
881 2342 1003 2398 veteres
1019 2354 1084 2397 uon
1101 2335 1205 2397 solum
1215 2334 1361 2414 Romani,

187 2443 361 2506 sedetiam
392 2441 550 2520 erumna
580 2461 653 2504 nam
688 2441 803 2505 Phidia
827 2442 888 2522 (vel
918 2443 1117 2524 Agoracritol
1141 2440 1362 2525 Daniophonte

188 2551 328 2633 exeeptis
352 2549 563 2612 Nioomaohus
589 2555 700 2632 quarto
724 2551 851 2613 saec-ulo
881 2558 1017 2613 exeunte
1047 2571 1117 2613 eam
1139 2552 1174 2613 in
1197 2551 1289 2612 leone
1312 2569 1363 2612 se·

188 2659 314 2721 dentem
336 2658 449 2739 pinxit.
482 2658 590 2719 leones
614 2663 718 2720 autem
743 2677 868 2740 semper
889 2658 954 2721 fere
977 2657 1087 2721 Matris
1111 2658 1205 2721 deum
1229 2658 1363 2720 comites

187 2772 269 2846 sunt
286 2770 476 2847 quapropter
490 2766 523 2826 in
543 2765 659 2828 anthol.
675 2764 821 2827 Palatina
840 2761 1363 2848 ed.Duebnerl‚2011‘lperrrapa

187 2869 322 2935 laertem
351 2874 548 2949 nominatum
583 2877 678 2955 atque
710 2872 883 2936 rectissime
913 2872 952 2934 de
981 2872 1096 2954 Vogiie
1126 2873 1203 2934 haee
1233 2871 1364 2935 adnotat

188 2979 361 3062 (melanges
381 2978 586 3062 d’areheolog.
598 2980 747 3042 orientale
765 2998 794 3060 p.
806 2980 873 3056 del:
895 2980 925 3041 la
943 2979 1063 3062 grande
1083 2980 1193 3042 deesse
1203 2977 1364 3059 Syrienne

188 3088 227 3150 de
245 3086 440 3169 Hierapolis,
463 3085 494 3147 la
518 3086 627 3148 deesse
646 3085 850 3169 Plirygienne
875 3087 930 3149 des
951 3085 1114 3148 basreliefs
1134 3086 1172 3149 de
1190 3085 1364 3167 lbanikeni,

187 3195 218 3256 la
239 3191 474 3272 Rhea-Cybele
496 3197 582 3255 mere
607 3193 661 3255 des
685 3193 795 3273 (lieux,
824 3192 1080 3256 Venus-Uranie
1104 3193 1142 3255 de
1165 3193 1307 3275 Phrygie
1332 3199 1365 3256 et

188 3300 480 3379 d’Asie-Mineure‚
509 3301 539 3362 la
566 3299 658 3362 Tanit
686 3319 727 3361 ou
755 3301 895 3362 Artemis
924 3299 1045 3362 Celeste
1074 3300 1113 3362 de
1137 3298 1304 3383 Carthage,
1329 3301 1364 3364 la

187 3407 296 3470 Junon
321 3428 383 3490 que
406 3405 545 3470 Diodore
569 3409 688 3470 assoeie
712 3411 731 3469 a
753 3407 902 3490 Juppiter
924 3407 1002 3469 Baal
1027 3407 1106 3469 dans
1129 3408 1158 3469 le
1181 3408 1297 3489 temple
1322 3408 1364 3472 de

187 3516 245 3578 Bel
259 3520 288 3577 a
310 3515 489 3595 Babylone,
522 3514 704 3595 l'Atergatis
733 3513 905 3594 Syrierina
935 3515 1085 3577 l’Anaitis
1115 3514 1170 3577 des
1200 3515 1364 3595 cylindres

188 3620 516 3703 Assyro-Chaldeens:
546 3627 649 3684 toutes
673 3642 724 3684 ees
748 3622 898 3684 diviuites
923 3626 978 3684 ont
1001 3641 1082 3704 pour
1104 3622 1365 3703 earaoter·istique

188 3730 285 3794 d'etre
309 3732 432 3813 portees
455 3750 513 3812 par
534 3730 565 3792 le
587 3729 661 3791 lion.

277 3943 304 4010 1)
324 3942 362 3994 Ct'.
377 3940 543 4008 Marquardt.
561 3940 579 3992 l.
593 3939 611 3992 l.
626 3940 667 3992 HI
685 3958 709 4008 p.
731 3940 782 3993 107
802 3941 863 3992 adn.
878 3940 902 3994 t.

277 4031 303 4099 2)
323 4031 363 4083 De
381 4028 532 4083 simulacris
551 4028 644 4082 Matris
657 4029 770 4098 Magnae
789 4030 896 4083 Graecis
914 4029 1096 4097 inspiciendae
1115 4032 1178 4082 sunt
1197 4033 1364 4083 commenta-

187 4122 273 4174 tiones
292 4119 382 4173 Conzii
400 4119 666 4172 Hermos-Kadmilos
684 4119 712 4171 in
731 4119 847 4173 arobdol.
868 4122 919 4187 ztg.
938 4119 1008 4172 1880
1024 4137 1048 4187 p.
1069 4119 1178 4186 1-10,
1197 4119 1300 4171 Koeitii
1319 4119 1365 4172 die

188 4211 295 4263 antiken
314 4208 471 4276 skulpturen
484 4224 533 4261 aus
546 4208 657 4261 Beotien
670 4208 697 4259 in
710 4209 778 4262 mitt.
793 4209 817 4261 d.
829 4209 853 4261 d.
865 4209 937 4261 areli.
948 4208 1009 4262 inst.
1021 4226 1043 4260 z.
1056 4209 1145 4261 Athen
1158 4208 1199 4260 III
1211 4226 1236 4276 p.
1248 4208 1301 4261 329
1311 4224 1364 4276 sq„

187 4300 217 4353 L.
232 4299 350 4351 Gurlittii
369 4298 522 4351 votivrelief
532 4314 565 4350 an
580 4298 621 4349 die
635 4300 823 4365 gettermutter
836 4298 864 4349 in
877 4298 949 4349 areb.
962 4300 1013 4364 atg.
1029 4297 1096 4350 1880
1112 4315 1137 4364 p.
1149 4297 1208 4363 187,
1223 4296 1365 4363 Stephanii

188 4390 235 4441 der
253 4388 423 4441 ausruhende
437 4387 567 4440 Herakles
586 4405 611 4455 p.
625 4387 668 4454 68,
689 4387 918 4455 Curtii-Kauperti
936 4386 1004 4439 atlas
1018 4404 1042 4438 r.
1058 4386 1145 4438 Athen
1165 4385 1231 4437 blatt
1244 4385 1320 4450 vill,
1338 4387 1363 4439 1.
