3092 5000
613 367 823 429 ..13-

219 539 343 605 Deinde
362 541 495 623 liberio,
515 540 685 625 Claudio,¹)
704 541 857 626 Caligula,
876 542 1003 606 Nerone
1013 542 1108 624 (Cass.
1118 542 1305 626 Dionaeo)

114 647 378 732 imperatoribus
402 648 481 711 nibil
504 648 569 712 fere
592 648 685 712 nobis
705 649 744 712 de
763 651 855 713 cultu
876 650 1020 732 traditur,
1045 650 1131 734 quod
1155 655 1306 733 exparte

115 755 205 817 inde
224 756 379 839 explicari
396 759 512 838 potest,
537 755 623 838 quod
641 755 795 841 Tiberius
806 755 943 820 Paulina
961 758 1102 839 violatall
1122 763 1153 821 et
1172 756 1211 820 ob
1228 759 1306 820 alias
1342 824 1344 827 ,

117 880 244 924 causas
267 863 445 946 Aegyptios
478 862 691 945 Iudaicosque
719 864 801 925 ritus
831 865 1038 948 compescuit,
1070 865 1306 928 mathematicos

117 989 307 1053 magosque
326 989 367 1034 ex
385 970 478 1033 Italia
496 971 625 1053 expulit,
638 970 778 1051 (Sueten.
794 969 860 1035 Tib.
876 972 926 1034 36.
946 972 1014 1034 Tac.
1026 991 1097 1034 ann.
1111 972 1152 1053 ss,
1172 973 1223 1035 32.
1244 974 1305 1051 85).

120 1097 329 1159 quamquam
352 1098 449 1140 unam
472 1078 711 1160 inscriptionem
738 1076 770 1140 C.
793 1077 821 1139 Ι.
844 1077 883 1140 L.
904 1077 959 1158 Vr,
981 1080 1088 1159 2260,
1114 1079 1307 1162 quemfecit

121 1182 267 1246 Claudia
280 1184 449 1267 Acropolis
461 1186 544 1268 Aug.
563 1185 615 1250 lib.
635 1185 782 1248 sacerdos
801 1184 912 1249 Matris
932 1187 1027 1250 deum
1047 1187 1108 1250 sibi
1127 1192 1157 1250 et
1175 1188 1307 1269 perenni

121 1292 263 1374 coniugi
295 1311 356 1354 suo
388 1291 553 1373 Clodiano,
590 1291 726 1375 libertis,
763 1292 938 1356 libertabus
972 1296 1183 1378 posterisque,
1220 1295 1308 1357 hisce

122 1398 330 1482 temporibus
366 1401 555 1484 insculptam
589 1420 659 1464 esse
690 1402 878 1464 concludam
910 1421 952 1465 ex
984 1405 1114 1466 nomine
1147 1401 1306 1484 Claudiae,

124 1507 221 1588 quod
244 1508 405 1590 accepisse
426 1509 555 1571 videtur
577 1530 596 1572 a
618 1514 712 1592 gente
736 1508 944 1573 Claudiorum
970 1511 1179 1592 imperatoria.
1221 1517 1307 1594 post-

126 1634 230 1696 quam
254 1619 361 1677 autem
385 1617 481 1698 stirps
503 1615 587 1678 Iulia
609 1617 711 1699 periit,
735 1616 840 1678 cultus
865 1616 969 1679 denuo
992 1617 1098 1699 gliscit
1120 1619 1308 1680 auctoritate

125 1726 229 1803 atque
249 1720 466 1804 Vespasianus
490 1724 642 1806 templum
662 1723 772 1786 Matris
798 1723 893 1786 deum
915 1729 1017 1787 terrae
1039 1724 1160 1806 mutua
1184 1724 1308 1787 Hercu-

124 1829 218 1892 lanei
241 1829 427 1913 conlapsum
453 1851 478 1892 a.
501 1833 541 1894 76
560 1851 589 1913 p.
610 1829 679 1894 Chr.
699 1831 838 1894 restituit
865 1828 897 1892 C.
919 1829 948 1893 I.
970 1830 1009 1893 L.
1031 1829 1078 1910 X,
1098 1833 1197 1894 1406.

222 1934 406 1999 Domitiano
430 1937 563 2000 fortasse
585 1939 773 2020 imperatore
792 1938 836 2001 tit.
861 1935 892 1999 Ο.
906 1936 934 1999 Ι.
948 1937 987 2001 L.
1001 1937 1067 2019 IX,
1079 1940 1166 2000 1153
1183 1940 1308 2021 positus

127 2048 181 2106 est
204 2063 223 2105 a
243 2042 371 2106 Cantria
393 2044 428 2108 P.
447 2044 514 2107 filia
536 2044 688 2128 Longina,
712 2045 875 2108 sacerdote
897 2043 1027 2108 flamina
1051 2046 1113 2126 (vel
1135 2045 1307 2128 flaminica)

128 2151 227 2213 divae
250 2151 353 2215 Iuliae
377 2151 453 2215 Piae
476 2153 642 2236 Augustae
671 2151 769 2235 (Suet.
790 2150 880 2215 Dom.
904 2155 955 2217 28.
984 2152 1065 2216 Plin.
1086 2173 1154 2237 epp.
1173 2153 1229 2235 ir,
1256 2157 1308 2235 11)

129 2262 165 2321 et
188 2257 300 2322 Matris
325 2260 421 2323 deum
445 2264 476 2322 et
498 2259 594 2323 Isidis
616 2258 764 2343 Reginae.

225 2364 326 2429 Paulo
350 2386 426 2430 vero
449 2372 521 2451 post
544 2368 650 2430 cultus
673 2366 784 2430 Matris
803 2367 936 2451 Magnae
960 2369 1054 2431 etia-m
1072 2369 1106 2430 in
1129 2369 1309 2452 provincias

129 2474 253 2537 invasit
271 2479 366 2557 atque
386 2494 427 2539 ex
446 2473 549 2538 Gallia
566 2475 600 2538 in
619 2474 807 2558 Hispaniam
830 2476 1012 2559 pervenisse
1035 2476 1169 2558 videtur,
1193 2495 1257 2559 qua
1274 2477 1308 2539 in

129 2583 299 2664 provincia
318 2588 462 2665 repertus
481 2587 529 2645 est
546 2583 658 2645 titulus
681 2581 713 2645 C.
727 2581 756 2645 I.
769 2580 809 2644 L.
823 2581 870 2661 H,
884 2584 904 2643 1
909 2585 928 2644 7
931 2583 959 2662 9,
981 2602 1044 2664 quo
1063 2583 1193 2666 legitur:
1214 2582 1308 2646 Matri

132 2687 232 2750 deum
256 2688 416 2772 Mag(nae)
439 2689 555 2752 Idaeae
577 2688 762 2773 Phrygfiae]
794 2688 929 2772 libaria)
958 2689 1064 2770 Tycha
1087 2690 1308 2774 cemophoqa)

130 2815 192 2878 per
214 2794 256 2860 Μ.
276 2795 421 2879 ludium)
445 2795 655 2875 Casstianum)
679 2801 710 2858 et
733 2794 896 2877 Casstianr)
920 2796 1094 2881 Sev(eram)
1118 2796 1159 2861 M.
1184 2796 1308 2880 nqilio)

132 2907 166 2965 et
189 2902 322 2987 Anntio)
347 2903 465 2988 Calda)
489 2923 566 2966 coss
587 2901 666 2987 (108
689 2924 718 2986 p.
739 2902 829 2983 Cha).

225 3011 278 3073 Ad
307 3011 432 3075 Traiani
461 3012 512 3075 vel
541 3011 695 3074 Hadriani
728 3017 860 3075 aetatem
892 3017 1019 3094 propter
1050 3030 1161 3074 vocem
1194 3012 1309 3095 Ulpiae

132 3124 256 3201 spectat
281 3121 328 3185 tit.
357 3119 388 3183 C.
412 3119 439 3183 I.
468 3119 506 3183 C.
531 3121 630 3182 3508
655 3119 825 3201 Thyatirae
846 3138 926 3203 rep,
958 3139 1052 3202 quem
1076 3120 1235 3202 praecedit
1257 3120 1309 3183 hic

132 3224 265 3309 (oedip
291 3223 404 3314 ἀγαθῇ
426 3217 559 3314 τύχῃ·βῆ
582 3225 680 3313 βουλὴ
703 3223 761 3289 καὶ
786 3225 803 3289 ὁ
827 3222 1147 3315 dqpopsa'rcr'pqouu(
1158 3221 1309 3290 Οὖλπιάν

132 3331 363 3421 Μαρκέλλανβ
377 3336 434 3423 τὴν
464 3330 584 3420 ἱέρειαν
612 3345 668 3420 τῆς
695 3325 934 3421 Ἀρτέβμιδας,
966 3331 1106 3417 Μάρκου
1140 3329 1310 3421 Odbrrr'ons

134 3445 239 3523 Λαμᾶ
261 3440 448 3528 παραδόξου
471 3440 528 3506 καὶ
548 3437 708 3517 Κανιδίας
733 3439 889 3528 Βάσσης]
900 3436 1064 3525 θυγατέρα
1089 3437 1308 3529 ἐπιτελέβσα-

134 3572 198 3614 σαν
217 3549 259 3612 τὰ
277 3560 333 3635 τῆς
351 3553 433 3613 θεοῦ
454 3549 613 3636 μυστήρια
632 3545 688 3612 καὶ
712 3544 921 3635 αὰςβθασίας
940 3547 1100 3632 λαμπρῶς
1118 3544 1174 3610 καὶ
1182 3546 1309 3635 sacello-

228 3800 254 3870 1)
273 3800 504 3855 Imhool-Blumer
521 3799 658 3854 monnaiea
677 3814 819 3869 grecqnes:
843 3797 927 3866 Lydis
946 3797 1006 3851 172.

228 3890 255 3958 2)
275 3890 380 3958 Ioseph.
394 3890 493 3958 antiqu.
506 3889 610 3956 XVIII,
626 3889 666 3956 13,
680 3889 705 3941 5.
730 3888 845 3940 Zonaras
864 3886 904 3939 ed.
925 3886 1003 3939 Dind.
1022 3904 1048 3954 p.
1062 3885 1122 3940 268.
1142 3884 1202 3939 269.
1221 3885 1309 3956 Hege-

133 3981 203 4050 sipp.
222 3979 258 4048 Π,
277 3981 303 4033 4.
329 3979 431 4032 nullam
450 3982 540 4033 autern
558 3979 657 4031 iustam
676 3977 756 4030 video
774 3992 896 4043 eausam,
922 3992 971 4028 cur
988 3975 1088 4043 Lafaye
1108 3974 1255 4042 „l’histoire
1273 3976 1310 4028 du

133 4068 209 4124 culte
235 4069 282 4122 des
308 4067 433 4121 divinitas
458 4066 647 4121 d’Alexandrie
671 4066 722 4119 Isis
748 4064 890 4119 eta1884
913 4082 938 4132 p.
958 4065 994 4117 54
1012 4066 1070 4133 sq.“
1089 4064 1122 4117 de
1145 4064 1196 4117 hac
1220 4064 1311 4117 fabula

133 4159 256 4317 dnbltebb
276 4248 400 4302 Fortasse
420 4247 591 4317 cogitandum
610 4248 651 4300 est
670 4246 703 4299 de
721 4247 809 4298 terrae
826 4247 902 4297 motu
921 4259 943 4298 a.
961 4242 995 4296 62
1014 4260 1039 4311 p.
1054 4242 1115 4296 Chr.
1129 4241 1162 4294 af.
1176 4241 1234 4294 Tae.
1249 4234 1310 4294 ann.

133 4340 198 4409 XV,
219 4341 268 4393 22:
288 4339 364 4391 motu
382 4338 468 4391 terrae
487 4337 591 4390 celebre
611 4334 771 4403 Campaniae
790 4333 919 4402 oppidum
931 4331 1051 4400 Pompeii
1069 4346 1166 4401 magna
1184 4347 1218 4384 ex
1236 4332 1310 4399 parte

133 4430 254 4501 proruit;
274 4429 307 4482 cf.
327 4427 407 4481 etiam
426 4427 535 4481 titulum
554 4425 748 4494 Pompeianum
768 4423 796 4477 C.
809 4423 830 4477 I.
843 4423 872 4476 L.
886 4421 922 4490 X,
935 4421 996 4475 846.
