3092 5000
726 302 934 364 ..32-

332 475 362 538 Ν
364 496 428 540 une
443 497 518 539 rara
535 477 672 541 breviter
685 497 855 562 exponam,
875 481 1034 562 quamodo
1051 483 1220 564 scriptores
1234 484 1423 565 posterioris

243 586 354 648 aetatis
371 590 402 647 et
415 585 594 668 philosophi
610 592 641 649 et
657 593 761 669 patres
781 588 984 651 ecclesiastici
1003 588 1145 653 fabulam
1160 590 1271 652 Matris
1280 588 1423 672 Magnae

243 697 274 754 et
296 693 416 756 Attidis
438 694 634 776 interpretati
657 696 729 757 sint.
776 695 922 759 Iulianus
945 702 1051 760 autem
1073 699 1108 760 in
1132 717 1175 759 or.
1195 697 1226 757 V
1244 718 1274 780 p.
1296 699 1356 760 161
1377 695 1420 758 D.

243 806 274 862 et
292 799 462 864 Sallustius
481 801 520 865 de
542 810 655 864 natura
674 801 806 866 deorum
827 803 879 883 4¹)
902 810 1015 887 putant
1038 824 1075 867 ea
1093 805 1232 884 ostendi,
1257 805 1420 886 quamodo

242 909 349 970 anima
372 908 411 971 de
434 902 523 971 coela
547 910 586 972 ad
610 929 724 994 corpus
755 911 928 974 humanum
960 912 1108 975 deveniat
1131 919 1227 994 atque
1255 918 1419 994 postrema

242 1016 282 1077 ad
306 1016 381 1078 deas
399 1017 520 1097 redeat,
543 1022 598 1080 aut
622 1019 772 1100 quoniam
797 1018 888 1084 ambo
912 1020 1042 1082 student
1064 1020 1295 1102 philosophiae,
1319 1039 1419 1100 quam

242 1142 359 1185 novam
388 1123 584 1187 Platonicam
617 1127 835 1206 nominamm,
868 1145 905 1189 ea
933 1146 990 1209 per
1018 1127 1199 1209 allegoriam
1233 1125 1419 1209 significari,

243 1231 402 1311 quomado
432 1250 551 1293 numen
582 1232 729 1295 divinum
759 1233 911 1316 paulatim
940 1239 1036 1316 atque
1063 1235 1219 1310 gradatim
1246 1234 1419 1317 usquead

240 1338 417 1417 materiem,
437 1357 519 1419 quae
539 1330 595 1424 iila
615 1339 799 1422 appellatur,
824 1340 995 1402 descendat
1012 1361 1190 1423 rursusque
1209 1360 1246 1402 ea
1264 1340 1418 1403 ascendat

241 1444 280 1506 ad
304 1444 529 1525 sublimiora2)
563 1447 725 1528 aliquanto
755 1453 829 1510 ante
859 1448 950 1510 aliter
980 1449 1150 1532 explicavit
1172 1448 1313 1511 fabrdam
1336 1447 1418 1510 Par·

241 1551 376 1633 phyrius
399 1572 446 1635 ap.
466 1551 582 1616 Euseb.
602 1573 705 1636 praep.
726 1573 773 1615 ev,
793 1553 851 1634 ΙΙΙ,
878 1555 974 1616 isio:
1005 1544 1118 1630 ’Ἀττις
1141 1552 1177 1617 δὲ
1200 1551 1255 1617 ναὶ
1274 1544 1418 1630 ’Ἄδωνις

239 1667 296 1742 τῆς
318 1671 383 1720 τῶν
406 1672 542 1744 καρπῶν
564 1654 628 1722 εἱσι
654 1655 811 1744 ἀναλογίᾳ
834 1660 1060 1747 νιροοήκονιες·
1085 1652 1154 1724 dtt'
1181 1661 1199 1724 d
1221 1659 1280 1742 μὲν
1298 1653 1417 1738 ’Ἆπις

239 1777 304 1826 τῶν
323 1765 406 1828 κατὰ
427 1765 462 1828 τὸ
481 1761 538 1851 ἔαρ
557 1764 829 1853 προφαινομένων
847 1765 977 1830 ἀνθέων
999 1765 1055 1831 καὶ
1075 1765 1154 1853 πρὶν
1173 1768 1413 1853 τελεοιγονῆοαι

237 2032 265 2084 in
285 2048 425 2085 commune
444 2033 544 2101 positia.
573 2033 932 2101 narmstadti1885p103.
962 2033 1062 2101 Cybele
1082 2050 1188 2102 quaque
1206 2033 1286 2086 lunae
1306 2034 1416 2087 domina

191 2148 194 2153 ·
238 2121 330 2173 habita
348 2137 406 2174 esse
425 2123 533 2175 videtur
552 2123 614 2190 quia
627 2123 659 2175 in
678 2128 805 2191 prostypa
825 2123 949 2192 (architob
969 2123 1051 2191 epigr.
1071 2124 1140 2177 mitt.
1154 2140 1203 2177 aus
1216 2114 1286 2177 dstr.
1300 2125 1322 2190 l,
1343 2124 1414 2177 1877

237 2229 262 2279 p.
277 2213 312 2265 14
323 2212 377 2265 tab.
390 2213 441 2278 ΠΙ)
460 2212 539 2265 lunae
558 2212 614 2265 falx
632 2212 660 2264 in
678 2212 765 2279 capite
785 2212 954 2279 conspicitur.

328 2302 354 2372 1)
374 2301 460 2355 Mater
477 2302 568 2370 itaque
587 2303 699 2355 deorum
719 2302 826 2355 virifica
845 2302 895 2355 dea
913 2305 954 2355 est
971 2303 1083 2370 ideaque
1096 2302 1183 2355 Mater
1195 2304 1320 2356 vacatur:
1341 2304 1413 2355 Attis

238 2408 330 2444 aarum
350 2407 418 2459 quae
436 2392 505 2444 fiunt
522 2402 549 2444 et
567 2394 775 2459 corrumpuntur
794 2392 904 2457 artilex;
923 2392 987 2444 huic
1006 2392 1075 2459 apud
1091 2392 1197 2445 Gallum
1216 2392 1318 2444 flumen
1338 2408 1412 2446 com-

237 2484 330 2550 pertus
348 2480 471 2535 traditur.
509 2480 602 2534 Gallus
622 2481 691 2534 enirn
717 2481 856 2534 Galaxiam
880 2498 930 2535 seu
951 2481 1068 2535 lacteum
1088 2482 1192 2548 orbem
1216 2481 1288 2535 unde
1313 2498 1412 2550 eorpus

238 2572 406 2640 passionibus
430 2571 574 2624 obnoxium
600 2572 748 2638 deseendit,
772 2572 879 2626 indicat.
908 2573 1001 2639 primis
1020 2575 1109 2624 autem
1130 2573 1180 2624 diis
1199 2572 1331 2624 secundos
1351 2588 1411 2639 per-

237 2661 388 2714 ficientibus
406 2661 493 2714 Mater
511 2662 609 2714 Attidis
629 2678 718 2714 amore
737 2665 858 2730 correpta
876 2662 1003 2716 caelestes
1022 2661 1060 2714 illi
1080 2662 1222 2715 facultates
1233 2662 1368 2735 largitur:
1388 2662 1410 2714 is

238 2751 308 2803 enirn
327 2750 413 2818 pileus
433 2753 481 2804 est.
508 2751 578 2804 Attis
597 2753 687 2804 autem
700 2751 855 2819 Nympham
875 2751 989 2820 deperit:
1010 2768 1072 2804 cum
1085 2751 1229 2819 Nymphae
1248 2750 1410 2820 generationi

237 2842 448 2909 praesint3nan1
468 2842 657 2909 quodcumque
675 2842 717 2908 fit,
737 2842 804 2894 fluit.
828 2842 953 2909 quoniam
971 2857 1035 2894 vero
1054 2842 1187 2909 generatio
1207 2840 1327 2893 sistenda
1345 2850 1408 2906 erat,

236 2947 270 2982 ne
290 2932 409 2983 extrema
428 2946 532 2998 semper
556 2931 674 2983 deterius
692 2931 891 2999 progignerent,
917 2947 948 2982 ea
971 2930 1080 2982 molitus
1103 2930 1192 2997 opifex
1215 2930 1357 2983 facultates
1376 2930 1409 2981 ad

236 3019 416 3088 generandum
430 3020 557 3072 secundas
571 3019 706 3072 dimittens
718 3019 817 3072 iterum
831 3037 892 3073 eum
911 3020 961 3071 diis
980 3020 1158 3087 coniungitur.
1179 3020 1285 3072 ethaeo
1299 3020 1407 3088 quidem

237 3091 384 3177 auinquanr
403 3110 472 3161 facta
491 3111 565 3175 emt,
592 3125 653 3161 eum
678 3125 783 3177 semper
802 3109 854 3160 sint
872 3111 898 3160 et
916 3125 991 3160 mens
1011 3109 1118 3176 quidem
1139 3109 1227 3160 onmia
1246 3108 1328 3161 simul
1346 3124 1408 3161 eoa-

236 3198 329 3265 spieit;
349 3200 376 3250 at
394 3214 480 3250 sermo
500 3198 566 3250 haec
586 3198 696 3266 quidam
715 3198 802 3266 priua,
821 3197 868 3250 illa
885 3198 1017 3265 posterius
1037 3199 1120 3250 effert.
1155 3198 1206 3250 hac
1225 3198 1327 3250 ratione
1346 3214 1407 3251 eum

236 3288 372 3355 aptissime
391 3288 490 3340 munda
510 3287 600 3340 fabula
618 3288 786 3355 respondeat,
811 3304 859 3341 nas
879 3304 993 3356 quanam
1013 3288 1065 3340 alia
1082 3288 1183 3340 ratione
1202 3287 1313 3339 nitidius
1331 3303 1407 3340 arna-

235 3392 326 3430 remur
344 3393 423 3445 quam
443 3377 575 3428 mundum
594 3377 750 3430 imitantes?
768 3380 877 3445 propter
894 3377 941 3430 illa
959 3378 1057 3429 festum
1077 3378 1147 3430 diem
1167 3377 1280 3446 agimus.
1309 3380 1336 3429 ot
1354 3377 1407 3446 pri·

235 3483 309 3519 mum
329 3483 392 3519 sane
411 3466 463 3531 ipsi
481 3484 496 3519 e
515 3466 588 3518 coelo
608 3464 709 3533 delapsi
728 3469 835 3519 etcum
860 3467 988 3536 Nympha
1013 3470 1218 3520 consuescentes
1242 3467 1270 3518 in
1290 3483 1407 3519 maerore

234 3556 353 3609 vivimus
368 3573 384 3609 a
397 3557 530 3609 frumento
543 3556 648 3624 alioque
667 3572 756 3609 crasso
770 3560 796 3608 et
809 3556 913 3609 sordida
927 3556 985 3607 cibo
999 3554 1173 3622 abstinentem
1192 3556 1406 3623 quandoquidem

234 3649 347 3714 utraque
366 3647 453 3700 anima
473 3653 536 3699 sunt
554 3647 693 3699 contraria.
713 3646 837 3713 deinceps
850 3647 951 3698 arbaris
963 3645 1104 3698 incisiones
1124 3647 1150 3697 et
1168 3645 1311 3713 ieiunium,
1331 3645 1407 3713 quasi
1459 3709 1470 3724 N

233 3736 352 3804 nosipsi
371 3736 525 3789 ulteriorem
544 3736 720 3805 generationis
739 3752 909 3804 progressum
929 3741 1143 3802 amputaremus:
1163 3736 1271 3787 tandem
1289 3752 1323 3786 ex
1338 3733 1406 3786 laete

234 3825 402 3892 alimentum,
422 3827 499 3894 quasi
518 3842 726 3880 renasceremur.
756 3826 819 3878 hine
838 3825 996 3878 festivitates
1016 3823 1132 3891 (hilaria)
1152 3827 1179 3877 et
1197 3840 1309 3878 coronae
1328 3826 1355 3876 et
1373 3825 1406 3877 ad

234 3916 297 3967 deos
316 3914 401 3967 veluti
419 3915 521 3968 reditio.
542 3914 616 3967 hisce
635 3916 661 3966 et
679 3917 798 3982 tempuS,
818 3931 870 3982 quo
888 3915 968 3980 fiunt,
988 3914 1169 3966 testimonium
1189 3914 1310 3979 exhibet3
1336 3914 1406 3968 circa

233 4004 303 4056 enim
316 4005 388 4057 veris
407 4005 604 4073 aequinoctium
618 4020 649 4057 aa
668 4021 735 4072 qnam
755 4005 872 4057 diximus
892 4003 1077 4070 conficiuntur,
1098 4020 1160 4056 curn
1179 4020 1247 4072 quae
1265 4003 1335 4056 fiunt
1349 4004 1405 4055 fieri

233 4096 350 4160 cessant,
377 4094 486 4162 diesque
511 4096 588 4146 noete
607 4095 692 4163 magis
715 4111 746 4147 ac
769 4094 854 4162 magis
873 4094 1053 4161 protenditur:
1079 4094 1149 4161 quad
1174 4093 1281 4159 animia,
1308 4093 1354 4160 qui
1373 4094 1405 4145 ad

232 4183 388 4237 sublimiora
406 4184 518 4252 gradum
537 4184 650 4251 faciunt,
670 4185 806 4252 proprium
826 4186 874 4236 est.
894 4184 933 4236 sic
952 4184 1024 4236 circa
1042 4185 1194 4251 appositum
1206 4183 1403 4250 aequinoctium

232 4276 325 4340 raptus
345 4273 519 4341 Proserpinae
538 4274 701 4326 successisse
719 4274 836 4341 fingitur,
856 4274 901 4340 qui
921 4275 1066 4326 descensus
1086 4278 1126 4326 cst
1145 4274 1303 4327 animorum.

321 4363 348 4431 2)
369 4364 407 4417 ef.
421 4363 550 4416 Viseanti.
565 4380 624 4415 ann.
638 4363 698 4416 inst.
712 4363 745 4414 41
761 4362 852 4431 (1869)
866 4380 891 4429 p.
905 4363 966 4416 226.
