3092 5000
615 1210 814 1347 Caput
851 1212 892 1315 Ι.

190 1386 242 1468 Ile
266 1386 400 1469 Matris
424 1386 580 1489 Magnae
603 1388 645 1468 in
671 1387 761 1469 orbe
784 1390 980 1471 terrarum
1003 1390 1170 1472 Romano
1195 1390 1312 1473 cultu.

254 1547 439 1630 „Civitatem
462 1569 497 1614 eo
521 1554 662 1633 tempore
680 1569 791 1613 recens
810 1552 921 1633 religio
940 1553 1101 1614 invaserat
1123 1554 1252 1616 invento
1272 1573 1338 1616 car·

162 1657 251 1719 nrine
279 1658 314 1717 in
343 1656 432 1719 libris
463 1656 628 1737 Sibyllinis
658 1663 785 1740 propter
815 1657 970 1720 celebrius
993 1678 1039 1721 -eo
1068 1678 1151 1721 anno
1183 1660 1222 1722 de
1251 1660 1337 1723 eaelo

162 1763 340 1845 lapidatum
362 1766 526 1846 inspectis,
557 1765 750 1846 quandoque
773 1765 874 1827 hostis
904 1766 1082 1849 alienigena
1104 1771 1206 1830 terrae
1229 1767 1338 1831 ltaliae

163 1870 285 1933 bellum
303 1872 475 1952 intulisset,
495 1892 568 1935 eum
586 1872 663 1955 pelli
681 1871 772 1935 Italia
790 1873 941 1956 vincique
958 1892 1060 1956 posse,
1079 1875 1106 1936 si
1125 1873 1226 1937 Mater
1244 1873 1339 1936 Idaea

163 1998 182 2040 a
200 1976 393 2042 Pessinunte
402 1980 424 2059 1)
447 1978 581 2043 Romam
605 1980 736 2042 advecta
757 1980 854 2042 foret‘
874 1978 995 2061 (Livius
1015 1979 1142 2063 XXIX,
1163 1983 1213 2062 10,
1233 1984 1254 2044 4
1272 1982 1336 2065 sq.).

163 2088 281 2148 erravit
300 2088 367 2150 sine
385 2087 480 2151 dubio
493 2086 640 2169 Ovidius,
661 2107 757 2170 quem
773 2092 903 2150 secutus
920 2093 968 2151 est
983 2088 1128 2151 lulianus
1145 2087 1337 2165 or.Viniti02)

163 2192 371 2276 (Marquardt.
395 2200 471 2257 rtim.
497 2196 773 2279 statsverwaltung
796 2196 858 2277 ΠΙ,
889 2198 953 2259 253
979 2196 1049 2258 adn.
1075 2195 1121 2278 2),
1152 2215 1225 2258 cum
1254 2197 1338 2260 dicat

161 2299 310 2362 inlibris
335 2300 500 2382 Sibyllinis
523 2302 743 2365 tantummodo
768 2304 921 2385 scriptum
950 2302 1048 2365 fuisse
1080 2322 1197 2366 nomen
1220 2306 1337 2386 matria,

164 2426 261 2489 quam
280 2406 415 2471 Matrem
438 2409 565 2472 ldaeam
585 2428 654 2472 esse
672 2409 791 2490 Pythia
810 2410 966 2472 nuntiarit
984 2409 1021 2472 cf.
1037 2409 1106 2474 fast.
1125 2409 1180 2491 IV,
1197 2412 1261 2474 255
1279 2432 1334 2495 sq.:

287 2521 360 2599 post
382 2523 419 2580 ut
441 2516 543 2580 Roma
565 2523 676 2600 potens
700 2518 814 2602 opibus
836 2520 902 2581 iam
925 2519 1052 2581 saecula
1075 2520 1219 2602 quinque

288 2624 369 2687 vidit
392 2631 423 2688 et
445 2625 582 2688 edomito
606 2626 737 2688 sustulit
759 2627 836 2689 orbe
860 2631 962 2710 caput,

289 2734 437 2796 carminis
459 2731 612 2796 Euboeici
634 2733 742 2796 fatalia
764 2734 862 2796 verba
886 2733 1032 2796 sacerdos

287 2841 423 2922 inspicit.
446 2842 626 2922 inspectum
650 2841 712 2904 tale
735 2840 834 2904 fuisse
856 2840 978 2903 ferunt:

248 2986 251 2993 -
288 2946 406 3027 „Mater
429 2946 533 3011 abest:
558 2947 691 3012 Matrem
715 2948 820 3030 iubeo,
844 2947 993 3029 Romane,
1017 2949 1168 3031 requiras.

288 3073 361 3116 cum
385 3057 504 3135 veniet,
528 3061 614 3118 easta
637 3061 684 3119 est
707 3056 890 3139 accipienda
913 3057 1036 3120 manu.“

271 3160 441 3225 ,obscurae
464 3164 557 3225 sortis
580 3167 684 3246 patres
708 3162 895 3246 ambagibus
919 3168 1032 3243 errant,

288 3289 410 3351 quaeve
433 3289 547 3353 parens
571 3270 665 3352 absit,
690 3290 794 3353 quove
817 3271 953 3354 petenda
975 3271 1053 3334 loco.

287 3378 465 3470 consulitur
487 3377 594 3441 Paean
617 3376 819 3461 „Divumque
843 3380 991 3454 arcessite
1015 3377 1175 3460 Matrenr‘,

286 3486 404 3567 inquit,
429 3487 479 3566 „in
502 3486 598 3557 Idaeo
623 3492 670 3549 est
692 3486 884 3549 invenienda
906 3487 1008 3570 iugo.“

251 3663 279 3729 1)
299 3661 392 3715 Strabo
416 3661 485 3730 ΧΠ,
511 3661 563 3715 568
588 3657 804 3715 κατεσκεύασται
829 3656 855 3713 ‹l'
877 3655 930 3714 ὑπὸ
950 3664 1003 3714 τῶν
1022 3657 1183 3714 {Aeculanum
1201 3665 1334 3729 βασιλέων

161 3738 329 3822 ἱεροπρεῑεῶς
347 3743 377 3802 τὸ
391 3754 504 3822 τέμενος
523 3751 580 3818 ναῷ
598 3769 625 3804 τε
639 3754 684 3803 καὶ
704 3757 799 3809 στοαῖς
814 3753 991 3810 tavairoas.
1013 3752 1146 3821 ἐπιφανὲς
1160 3746 1185 3802 ‹l'
1199 3753 1334 3819 ἐποίησαν

158 3834 287 3912 Ῥωμαῖοι
307 3833 337 3891 τὸ
357 3832 430 3912 ἱερὸν
449 3835 597 3912 ἀφίδρυμα
617 3839 731 3893 ἐνθένδε
754 3841 801 3906 τῆς
819 3842 888 3893 θεοῦ
906 3835 1162 3912 μεταπεμψάμενοι
1181 3834 1251 3892 κατα
1271 3835 1334 3902 τοὺς

161 3929 207 3996 τῆς
231 3923 367 3996 Σιβύλλης
387 3923 533 4001 χρησμούς
558 3931 590 3982 ci.
611 3930 664 3984 Cic.
684 3931 717 3983 de
740 3946 796 3983 sen.
815 3931 858 3984 45.
890 3931 987 3984 Arnob.
1006 3930 1049 3999 ΙΙ,
1069 3930 1111 3984 73.
1142 3932 1230 3982 Amm.
1250 3930 1332 3986 Marc.

160 4019 254 4087 XXII,
274 4019 299 4086 9,
319 4019 343 4072 5.
373 4018 432 4072 Val.
446 4018 517 4071 Mar.
535 4020 557 4086 l,
577 4021 601 4087 1,
622 4021 658 4072 12.
671 4020 736 4073 item
754 4020 835 4073 Matri
854 4021 934 4072 deum
953 4036 1142 4089 saepenumero
1160 4022 1333 4087 imperatores

160 4108 244 4162 nostri
264 4111 398 4177 compotes
423 4108 595 4161 victoriarum
619 4110 745 4178 suscepta
768 4111 832 4163 rota
850 4109 1037 4163 Pessinuntem
1056 4109 1167 4178 profecti
1185 4109 1331 4163 solverunt.

159 4196 280 4250 Mionnet
296 4197 314 4250 1.
334 4197 352 4251 l.
371 4197 419 4266 IV,
438 4198 498 4251 391.

250 4287 276 4356 2)
295 4286 453 4343 Mommsen.
473 4288 503 4342 G.
517 4288 548 4342 R.
564 4287 598 4340 ll.
619 4306 644 4357 p.
664 4288 717 4343 540
736 4307 760 4342 n.
782 4290 841 4343 136.
861 4289 953 4343 eodem
973 4305 1041 4344 anno
1061 4291 1251 4345 commemorat
1268 4288 1332 4343 solis

161 4376 335 4432 delectionem
355 4377 560 4450 Olympiodorus
579 4396 604 4450 p.
625 4377 677 4433 148
696 4379 737 4434 ed.
757 4377 887 4435 Scheibel.
