3092 5000
620 342 830 403 ..33-

122 516 350 602 διαρρεόνῑων
382 556 422 563 -
454 511 549 581 ἔνθεν
578 513 633 579 καὶ
665 518 722 604 τὴν
751 531 816 579 τῶν
847 512 983 581 α1οοίων
1015 514 1192 604 ἀποκοπὴν
1225 515 1312 602 αὐτῷ

123 624 388 710 προσανέἶλεσαν
405 626 450 712 μὴ
474 622 677 711 φθασάνιων
696 622 808 688 ἐλθεῖν
830 639 890 687 ιιῖιν
909 638 1046 710 καρπῶν
1064 619 1112 701 εἰς
1133 626 1191 713 τὴν
1209 648 1311 710 σπερ-

122 734 276 820 μαιικὴν
307 729 472 796 τελείωσιν
496 771 536 780 -
568 732 585 795 ὁ
609 729 645 795 dt
668 723 808 809 Ἄδωνις
841 743 893 818 τῆς
924 746 987 795 των
1016 728 1147 796 τελείων
1175 747 1313 818 καρνιιῖιν

124 836 274 924 inroitu·
299 838 476 920 σύμβολονς
506 859 600 923 quem
625 841 725 903 secuti
750 846 827 903 salut
850 839 1034 903 Lactantius
1057 841 1129 903 inst.
1154 841 1183 902 d.
1207 840 1237 919 Ι,
1265 844 1313 920 17,

124 946 194 1009 Iul.
216 947 313 1011 Firm.
332 947 496 1009 Maternus
516 950 545 1026 3,
568 951 598 1026 5,
622 947 827 1028 Augustinus
851 947 890 1010 de
913 950 972 1011 cir.
993 948 1043 1009 dei
1059 946 1132 1026 Vll,
1152 949 1203 1010 25.
1227 947 1268 1027 ΙΙ,
1284 951 1312 1010 4.

125 1054 195 1135 Vi,
222 1057 241 1116 8
267 1056 316 1133 (cf.
337 1053 543 1134 (111111,
568 1056 632 1118 509
652 1082 696 1108 =
714 1053 828 1117 Kaibel
852 1056 948 1136 epigr.
967 1075 1012 1135 gr.
1032 1056 1116 1131 824).
1156 1075 1220 1137 quo
1244 1056 1312 1116 loco

128 1164 231 1225 etiam
257 1161 509 1224 commemorabo
533 1162 664 1234 Isidem,
689 1162 782 1224 cuius
801 1162 907 1224 cultus
926 1162 1009 1224 haud
1031 1163 1096 1223 seio
1115 1182 1155 1224 an
1176 1163 1313 1224 maxime

127 1268 282 1331 floruerit
314 1270 348 1330 in
380 1274 444 1332 toto
475 1268 550 1331 orbe
582 1273 736 1331 terrarum
768 1267 925 1348 Romano,
958 1288 1032 1330 cum
1064 1268 1165 1331 Matre
1198 1268 1313 1351 Magoa

128 1377 268 1458 aequari
293 1375 332 1438 ab
356 1376 494 1457 Apuleio
517 1381 589 1438 met.
614 1373 672 1455 ΧῘ,
697 1378 733 1451 53
766 1395 803 1437 ac
826 1376 853 1437 si
877 1376 1097 1457 inscriptiones
1120 1377 1314 1457 pervestiga-

128 1504 223 1563 mus,
249 1483 410 1545 interdum
434 1482 535 1545 Mater
558 1484 675 1563 Magna
697 1502 769 1545 eum
795 1501 832 1545 ea
855 1483 1061 1564 coniungitur
1070 1484 1104 1562 1),
1133 1483 1219 1564 quod
1243 1466 1314 1545 mea

131 1592 270 1674 quidem
303 1592 458 1654 sententia
494 1590 570 1652 iude
606 1590 805 1674 explanatur,
844 1590 929 1671 quod
968 1609 1181 1672 unaquaeque
1214 1590 1315 1652 Mater

132 1700 234 1763 deum
258 1697 411 1760 Romanis
435 1717 505 1760 esse
528 1697 705 1760 videbatur.

228 1805 291 1869 Sed
315 1805 354 1868 ad
378 1806 440 1868 alia
462 1810 669 1868 transeamus.
698 1803 861 1868 Lucienus
885 1805 971 1886 quod
990 1804 1137 1868 Pseudol.
1160 1808 1197 1868 11
1221 1806 1312 1869 dicit:

131 1907 214 1976 εἰπὲ
238 1909 298 1994 γάρ
322 1934 378 1992 μοι
407 1911 491 1995 πρὸς
521 1910 693 1996 νιοινὸήμον
724 1908 779 1974 καὶ
812 1915 843 1972 Γ
840 1906 1046 1974 ενειιλλίιλων
1069 1909 1125 1974 καὶ
1154 1912 1313 1999 Κνβὴρής,

132 2031 186 2105 πῆ
218 2041 268 2082 σοι
303 2018 455 2100 μεμπτὸν
484 2014 539 2080 καὶ
573 2014 711 2101 γέλωιος
742 2016 836 2094 ἄξιον
866 2008 1007 2099 ‘cottona
1039 2010 1123 2083 εἶναι
1156 2014 1263 2096 ἔδοξεν
1295 2010 1315 2107 ἡ

133 2124 311 2214 ἀνιοφράςς
343 2126 446 2210 (Mart.
467 2128 496 2207 8,
517 2128 556 2189 81
578 2146 642 2188 uon
666 2146 723 2209 per
744 2127 881 2207 mystica
904 2147 993 2189 sacra
1011 2126 1234 2216 Dindymenes
1253 2180 1260 2192 .
1281 2179 1313 2191 ..

133 2238 224 2299 iurat
248 2235 375 2315 Gellia),
404 2235 464 2296 hoc
486 2253 543 2316 per
566 2253 599 2297 se
622 2236 824 2317 intellegitur.
865 2240 1002 2297 attamen
1026 2234 1154 2297 maioris
1178 2240 1226 2297 est
1249 2255 1314 2297 mo·

135 2344 251 2422 menti,
276 2341 363 2424 quod
386 2361 503 2404 nomen
526 2341 636 2405 Matris
659 2342 754 2404 deum
779 2344 942 2405 iuvenitur
958 2343 992 2403 iu
1017 2343 1145 2404 oraculo
1165 2342 1314 2424 talaria),

136 2450 227 2533 quod
251 2449 389 2513 Attaiiae
411 2453 573 2531 repertum
597 2449 696 2513 edidit
719 2448 832 2512 Kaibei
855 2448 964 2512 Herm.
989 2449 1049 2512 vol.
1074 2448 1107 2511 X
1134 2470 1163 2533 p.
1186 2453 1247 2515 193
1268 2470 1313 2533 sq.

137 2563 169 2620 et
187 2557 286 2639 epigr.
298 2579 342 2640 gr.
354 2578 384 2619 n.
397 2558 492 2621 1038.
516 2558 635 2620 scimus
654 2564 758 2640 patres
778 2558 1006 2620 ecclesiasticos
1022 2558 1204 2641 cupidinem
1223 2560 1316 2621 sortis

136 2686 179 2728 ex
203 2665 277 2728 talis
300 2664 552 2747 cognoscendae,
585 2667 642 2747 qui
669 2667 701 2728 in
730 2667 794 2728 aris
818 2657 952 2728 deorum
974 2666 1067 2747 positi
1097 2671 1186 2727 erant
1210 2665 1314 2746 (Paua.

138 2772 215 2853 VH,
241 2775 298 2851 25,
323 2774 351 2834 6.
376 2771 467 2834 Pind.
487 2771 580 2850 Pyth.
605 2772 661 2852 IV,
686 2773 778 2854 337),
807 2774 922 2835 aeriter
945 2774 1123 2855 castigasse.
1166 2773 1316 2855 leguntur

138 2886 247 2942 autem
277 2880 311 2941 in
341 2879 401 2941 hoc
431 2879 572 2960 oraculo,
603 2880 638 2941 in
668 2899 731 2961 quo
766 2881 910 2963 quinque
942 2885 1064 2942 tantum
1096 2880 1151 2941 tali
1182 2879 1316 2942 adhibiti

138 2993 227 3062 sunt,
252 2985 371 3068 quibus
394 2987 520 3048 numeri
544 2985 576 3048 Π
600 2992 631 3048 et
653 2986 681 3046 V
708 2986 852 3058 deerant,
876 3007 905 3048 u.
931 2989 951 3049 0
976 2986 1069 3048 haec:

331 3087 369 3179 Ρ,
403 3087 441 3179 F.
475 3086 513 3178 Ρ,
553 3094 587 3178 Α
683 3091 762 3154 ΚΕ
1016 3091 1151 3177 Magrada
1173 3095 1270 3154 θεῶν.

226 3190 669 3283 ‹ngdova[a]aa[1c]a'20om
696 3198 786 3262 λύκοι
810 3194 961 3283 κραιεροί
982 3221 1015 3261 τε
1037 3194 1180 3281 λέοντ[ες

228 3307 324 3390 ρ’]οῢς
347 3302 469 3381 ἕλικας,
493 3303 627 3367 adactor·
649 3305 771 3368 νούσων
794 3303 850 3368 καὶ
875 3305 913 3368 σὲ·
936 3303 1071 3389 νράιῘος
1094 3302 1208 3381 iffae-²³)

228 3410 285 3477 καὶ
311 3404 407 3475 νιάνι)
433 3408 506 3476 ἕστο
530 3410 616 3496 σ[ο]1
641 3405 705 3476 ὅσα
728 3410 950 3497 auteponit·
973 3413 1012 3475 σίἶ·
1065 3411 1086 3442 ³
1142 3413 1203 3482 s³⁴a

139 3532 237 3606 atque
259 3522 399 3604 profecto
424 3541 488 3584 non
512 3521 607 3583 modo
630 3522 664 3582 111
684 3522 813 3583 oraculo
833 3521 944 3583 talario
965 3527 1052 3584 extat
1070 3541 1186 3586 nomen
1206 3522 1316 3585 Matris

232 3773 258 3840 1)
278 3771 307 3824 C.
319 3771 340 3824 I.
354 3770 383 3824 L.
398 3770 431 3837 V,
450 3770 520 3823 4007
540 3770 573 3823 ο1.
590 3768 750 3821 Wiimauns
770 3786 813 3821 ex.
831 3768 909 3822 2088.
939 3769 966 3823 C.
986 3769 1007 3823 I.
1023 3768 1053 3823 L.
1066 3768 1121 3837 IX,
1136 3770 1213 3824 1153.
1236 3769 1315 3823 6000.

138 3863 241 3930 Lafaye
253 3860 384 3914 l'histoiro
397 3861 434 3912 du
447 3859 518 3913 culte
532 3860 579 3912 des
592 3857 717 3912 divinitas
730 3858 920 3912 d'Alexandrie
933 3859 985 3911 Isis
1004 3860 1054 3911 otc.
1066 3858 1229 3927 recupare
1238 3860 1316 3912 n.40.

232 3952 259 4014 2)
279 3950 383 4004 Similia
401 3949 511 4003 oracula
530 3950 646 4017 reperies
666 3949 693 4002 0.
704 3949 725 4000 Ι.
740 3949 769 4001 G.
784 3948 863 4001 4310.
877 3948 956 4001 4379.
976 3948 1060 4001 39580
1076 3947 1110 4016 (2³)
1131 3949 1163 4001 cf.
1178 3948 1262 4001 Stuhr
1273 3948 1317 4002 l.i.

139 4060 164 4110 p.
175 4041 238 4095 483.
259 4041 292 4094 de
311 4039 375 4093 indo
394 4039 488 4092 mlario
507 4040 579 4107 apud
598 4039 732 4091 Romanos
752 4038 807 4107 ogit
824 4039 852 4090 in
871 4038 1029 4091 uuiversum
1047 4037 1237 4090 Friediaender
1255 4039 1316 4091 dar-

139 4131 209 4184 stell.
223 4147 273 4183 aus
293 4130 317 4182 d.
332 4133 397 4187 rtim,
412 4129 584 4198 sitteugeseh.
598 4128 628 4181 ⁵1
641 4146 666 4195 p.
680 4127 733 4179 376
746 4144 786 4194 sq.

229 4220 258 4285 3)
278 4214 376 4289 κράτος
395 4219 461 4278 ἕξω,-
485 4218 603 4272 restituit
626 4217 722 4270 Kaibel
745 4233 780 4268 ex
803 4217 963 4284 Philostorg.
983 4217 1010 4268 h.
1030 4216 1095 4269 eccl.
1115 4216 1182 4280 vn,
1207 4216 1241 4268 15
1260 4207 1317 4274 Δτοῖς

140 4304 324 4378 πανταχὸίνιν
333 4314 471 4380 χρησμοῖς
490 4309 543 4361 των
559 4301 694 4373 Ἑλλήνων
708 4299 722 4356 ὁ
737 4301 899 4375 παραβάτης
918 4306 1062 4372 (Iulianus)
1083 4300 1264 4362 ἀναπεισθεὶς
1282 4299 1317 4362 ὡς

140 4395 257 4473 ἄμαχον
275 4400 326 4459 ἕξει
345 4392 376 4450 τὸ
395 4393 494 4468 κράτος
512 4401 568 4450 κτλ.

1138 4503 1154 4552 3
