3092 5000
729 311 939 373 „18-

249 489 384 548 statuam
414 488 482 550 siue
512 487 683 550 vexatione
710 488 809 550 ullius
836 492 959 552 statuae
986 490 1020 551 in
1050 508 1161 572 campo
1189 488 1302 553 Matris
1325 489 1436 552 deum
1514 520 1515 577 3

249 595 440 677 praescripto
465 597 656 658 constituere
679 596 836 659 concessit
854 614 956 678 aequo
975 616 1012 659 ac
1030 601 1166 660 statuam
1185 599 1260 680 poni
1278 598 1438 679 permisit
1514 580 1515 631 l

248 700 422 764 infantilem
451 703 486 764 iu
516 702 626 765 eodem
654 722 764 785 campo
788 702 869 765 VIII
897 701 965 769 Kal.
994 704 1095 787 April.
1121 704 1153 766 C.
1179 703 1294 767 Fuln'o
1325 704 1437 767 Plau-

249 809 333 870 tiano
352 808 384 870 II
403 809 437 873 P.
450 810 602 893 Septimio
622 809 701 873 Geta
719 810 751 873 ΙΙ
770 811 956 874 consulibus
975 811 1016 895 (d.
1037 814 1079 874 25
1099 832 1139 874 m.
1159 811 1265 875 Martii
1283 832 1310 874 a.
1324 810 1434 891 203):

248 913 338 977 Anu
368 914 452 979 Iost.
480 919 527 978 40
546 937 582 999 p.
614 920 695 980 378.
739 938 822 981 anno
846 922 918 981 ante
946 924 1098 1001 patronus
1121 920 1262 1002 corporis
1286 918 1437 981 dendro-

248 1021 419 1102 plrororum
440 1022 758 1103 Ostiensiun1‚cuius
778 1044 894 1087 nomen
912 1026 978 1087 iam
996 1045 1062 1088 non
1080 1026 1205 1108 legItur‚
1229 1045 1270 1088 en
1290 1032 1435 1108 argento

248 1130 352 1209 pondo
376 1130 425 1193 III
449 1131 536 1194 dedit
559 1131 640 1194 VIII
667 1130 739 1196 Kal.
763 1131 835 1195 Mai.
860 1131 999 1195 Domitio
1029 1132 1151 1196 Dextro
1175 1133 1208 1196 II
1231 1139 1262 1196 ct
1284 1132 1435 1195 Thrasea

248 1234 356 1297 Prisco
376 1230 563 1300 consulibus
582 1238 621 1317 (d.
633 1240 676 1301 24
694 1259 735 1301 m.
747 1239 847 1321 April.
863 1259 889 1301 a.
909 1240 996 1319 196);
1021 1239 1112 1302 Alto.
1131 1238 1216 1301 Iost.
1229 1241 1277 1301 40
1288 1261 1324 1322 p.
1340 1242 1431 1302 374.

336 1343 391 1406 Tit.
411 1342 636 1426 Lugdunensis
659 1343 813 1407 Boz'ssr'cn
836 1344 864 1407 Ι.
886 1345 916 1407 d.
942 1344 982 1408 L.
1009 1366 1044 1427 p.
1068 1348 1124 1426 36,
1149 1366 1212 1429 quo
1236 1366 1294 1429 pro
1319 1347 1434 1411 salute

247 1451 444 1531 imperatoris
477 1451 620 1534 Septimii
653 1451 762 1516 Severi
795 1458 825 1515 et
857 1451 899 1515 M.
931 1453 1055 1516 Aurelii
1087 1454 1243 1516 Antonini
1277 1453 1433 1517 Caesaris

247 1557 445 1639 imperatoris
464 1559 612 1623 destinati
631 1565 661 1623 et
679 1560 738 1623 Iul.
758 1561 925 1643 Augustae
943 1563 1053 1624 matris
1077 1567 1253 1624 castrorum
1272 1561 1309 1645 (I.
1330 1560 1433 1643 Capi·

248 1665 334 1728 tolio.
361 1664 402 1727 M.
428 1667 506 1728 Aur.
532 1669 589 1748 26)
620 1669 782 1750 totiusque
812 1668 925 1730 domus
956 1668 1084 1730 divinae
1111 1674 1142 1730 et
1171 1673 1254 1731 statu
1278 1670 1433 1731 coloniae

248 1770 562 1854 Septicial'aleriaua
578 1779 609 1838 et
624 1774 749 1858 Optatia
762 1775 863 1858 Spora
882 1776 1096 1839 taurobolium
1111 1775 1256 1839 fecerunt
1268 1774 1300 1839 T.
1311 1775 1431 1839 Sextio

247 1877 400 1942 Laterano
426 1886 456 1943 et
478 1879 511 1943 L.
532 1881 648 1965 Cuspio
672 1881 789 1945 Rufino
814 1882 999 1945 consulibus
1023 1886 1059 1963 (a.
1083 1885 1165 1963 197).

336 1987 392 2049 Tit.
411 1989 444 2049 in
474 1988 638 2051 (mellinae
660 1989 779 2071 syllope
804 1991 902 2051 2326
925 1995 1051 2068 extans,
1080 2009 1144 2072 quo
1168 1990 1307 2052 Aemilia
1330 1989 1431 2052 Sera·

246 2095 315 2176 pias
340 2095 555 2158 taurobolium
577 2097 717 2180 percepit
740 2102 771 2159 et
796 2101 918 2179 petram
946 2096 1186 2160 tauroboliatam
1210 2097 1317 2179 posuit
1339 2095 1428 2158 Idib.

247 2200 341 2263 Maiis
358 2202 536 2265 Annnllino
555 2203 588 2266 II
607 2210 638 2268 et
655 2203 815 2267 Frontone
834 2204 1020 2267 consulibus
1034 2204 1077 2287 (d.
1091 2207 1130 2268 15
1150 2203 1278 2268 midaii
1296 2224 1323 2265 a.
1337 2206 1429 2282 199).

248 2308 358 2371 codem
382 2329 465 2372 anno
488 2310 540 2372 vel
562 2312 659 2393 paulo
681 2317 753 2393 post
776 2310 990 2374 taurobolium
1013 2311 1088 2373 fecit
1110 2311 1274 2393 provincia
1297 2309 1428 2373 Narbo·
1514 2326 1515 2343 ¹

247 2418 353 2478 nensis
376 2435 432 2500 pro
457 2417 559 2480 salute
581 2416 615 2480 L.
643 2417 788 2501 Septimii
811 2417 921 2481 Severi
945 2417 995 2480 Pii
1018 2417 1194 2480 Pertinacis
1217 2417 1300 2500 Aug.
1323 2417 1427 2480 Arab.
1514 2400 1515 2469 ζ

247 2524 435 2587 Adiabenici
460 2524 599 2588 Parthici
619 2524 766 2606 Maximi,
791 2526 877 2608 quod
901 2544 1076 2608 cognomen
1100 2514 1125 2589 a.
1148 2526 1211 2589 199
1231 2527 1366 2608 accepit,
1393 2531 1428 2588 et

247 2630 288 2693 M.
308 2632 433 2695 Aurelii
451 2632 607 2695 Antonini
629 2633 704 2716 Aug
705 2682 816 2713 ......
840 2652 936 2716 quem
960 2634 1089 2696 titulum
1113 2632 1212 2696 edidit
1235 2631 1364 2715 Herzog
1389 2635 1425 2694 in

246 2739 327 2801 libro
352 2759 409 2802 suo
434 2739 554 2819 „Callia
576 2739 813 2804 Narbonensis‘
836 2741 989 2824 inscripto
1013 2761 1047 2803 ra.
1080 2742 1106 2802 7.

334 2846 391 2910 Tit.
411 2845 442 2909 C.
463 2846 490 2909 I.
503 2846 543 2910 L.
560 2846 654 2927 VIII,
676 2848 777 2909 2230
798 2849 834 2910 in
851 2848 961 2910 Africa
983 2867 1061 2930 rep,
1086 2867 1181 2930 quem
1205 2846 1300 2910 Matri
1324 2846 1425 2909 deum
1513 2891 1514 2934 p

247 2973 372 3016 sacrum
396 2974 453 3037 pro
477 2955 578 3018 salute
601 2957 828 3038 Imperatorum
845 2954 880 3018 L.
896 2954 1041 3038 Septimii
1060 2954 1169 3018 Severi
1188 2960 1219 3018 ot
1238 2952 1278 3015 M.
1294 2954 1425 3016 Aurelii
1513 2995 1514 3004 .

246 3062 386 3144 Augusti
416 3067 447 3125 et
479 3061 513 3124 P.
540 3061 683 3145 Septimii
717 3061 814 3126 Cetae
847 3061 1002 3143 Caesaris,
1039 3064 1132 3125 cuius
1163 3080 1279 3125 nomen
1311 3066 1426 3143 postea

247 3188 371 3232 erasum
387 3175 446 3251 est,
464 3176 495 3232 ot
509 3169 610 3232 Iuliae
624 3170 791 3253 Augustae
807 3171 969 3252 totiusque
984 3169 1099 3232 domus
1113 3169 1241 3231 divinae
1256 3167 1289 3230 C.
1300 3169 1424 3231 Statius

246 3276 415 3340 Ianuarius
438 3278 585 3340 sacerdos
608 3277 722 3360 posuit.
761 3279 912 3359 quoniam
936 3296 1012 3340 vero
1035 3275 1077 3338 M.
1097 3276 1250 3339 Aurelius
1261 3277 1282 3355 ¹)
1306 3296 1333 3337 a.
1356 3278 1423 3340 1518

246 3384 413 3467 Augustus
445 3390 476 3447 et
509 3384 588 3448 Geta
620 3386 729 3448 eodem
763 3404 847 3447 anno
881 3383 997 3447 Caesar
1028 3383 1132 3446 faetus
1165 3389 1226 3464 est,
1258 3384 1303 3445 tit.
1337 3385 1424 3445 inter

248 3512 273 3554 a.
297 3493 477 3555 198-211
504 3497 627 3555 erectus
651 3510 719 3554 esse
743 3491 844 3554 debet.

335 3597 459 3662 Deinde
477 3601 704 3682 imperatorum
723 3599 867 3682 Septimii
887 3598 996 3662 Severi
1015 3599 1149 3682 eiusque
1167 3596 1227 3660 filii
1245 3596 1286 3659 M.
1295 3596 1425 3659 Aurelii

245 3708 401 3770 Antonini
439 3712 538 3770 aetate
575 3707 635 3770 orti
672 3712 747 3770 sunt
786 3707 870 3770 tituli
908 3706 1183 3789 cannophorornm
1224 3702 1423 3766 Ostiensium

248 3814 298 3896 (cf.
318 3835 347 3897 p.
367 3814 452 3896 HL),
477 3834 612 3896 quorum
638 3816 749 3878 tertIus
767 3814 859 3878 Arna.
881 3813 966 3877 Inst.
992 3814 1039 3874 40
1057 3834 1093 3895 p.
1117 3813 1189 3873 390
1206 3831 1254 3892 sq.
1275 3830 1309 3873 o.
1339 3811 1361 3872 3
1380 3811 1422 3873 ad

246 3927 368 3984 certum
391 3926 511 4004 spectat
534 3941 656 3984 anuum
679 3921 863 3985 nominibus
886 3921 1056 3984 consulum
1078 3920 1258 4002 Asprorum
1281 3920 1321 4002 (a
1342 3919 1421 3996 212)

246 4029 370 4092 additis.

336 4278 362 4348 1)
382 4279 423 4332 Ilo
441 4276 559 4330 nummis
578 4276 650 4345 oms,
674 4277 721 4345 qui
740 4275 854 4345 Cybeles
872 4274 1015 4344 Imaginem
1035 4273 1176 4341 praebent,
1194 4272 1229 4327 of.
1247 4271 1375 4326 Mionnot.
1395 4272 1420 4324 V

246 4388 271 4437 p.
292 4369 351 4450 140,
372 4368 463 4422 Cohon
483 4366 540 4420 ᾖΠΙ
559 4384 584 4434 p.
605 4368 665 4419 122.
