3092 5000
647 319 859 380 -35-

262 492 428 568 Quomodo
443 493 578 556 Romani
596 493 731 557 Matrem
750 494 900 578 Magnam
918 495 1113 577 effinxerint,
1137 498 1254 580 optime
1272 517 1342 580 per-

159 604 352 684 spiciamus,
390 602 418 663 si
455 602 624 664 simulacra
662 602 903 685 explanabimus
940 601 1079 666 Lucretii
1112 604 1218 667 verbis
1249 612 1343 667 antea

160 709 282 771 allatis.
316 708 391 770 dicit
414 709 498 770 enim
524 709 541 771 l.
561 709 594 771 Il
613 729 641 771 v.
662 711 728 774 600
747 729 809 793 sq:
877 773 880 780 ,
920 736 923 744 ⁴

331 816 411 878 hauc
435 823 557 879 veteres
581 816 712 879 Graium
738 817 821 880 docti
846 819 988 881 cecinere
1010 825 1123 900 poetae

331 922 498 985 sublimem
521 924 555 987 in
580 943 677 986 curru
701 924 827 1007 biiugos
851 925 970 1008 agitare
993 926 1115 989 leones:

331 1031 411 1092 ueris
434 1031 469 1092 iu
493 1031 593 1113 spatio
616 1051 764 1113 magnam
787 1031 927 1114 pendere
951 1032 1098 1096 docentes

317 1137 500 1214 tellurem(
515 1155 622 1218 neque
644 1156 736 1219 posse
758 1139 794 1199 in
817 1144 901 1202 terra
924 1140 1036 1202 sistere
1058 1146 1182 1204 terram.

332 1244 507 1307 adiunxere
531 1245 625 1324 teras,
650 1247 725 1327 quia
749 1247 895 1326 quamvis
919 1246 1014 1309 effera
1036 1248 1139 1329 proles

332 1350 442 1414 officiis
467 1350 559 1414 debet
582 1351 700 1414 molliri
723 1353 808 1415 victa
830 1359 1005 1434 pareutum.

331 1459 510 1540 muralique
533 1464 628 1542 caput
650 1479 812 1521 summum
835 1462 965 1523 cinxere
988 1479 1113 1541 corona,

332 1566 458 1629 eximiis
481 1568 605 1629 munita
627 1566 706 1628 loeis
730 1567 816 1649 quod
840 1569 975 1631 sustinet
997 1567 1120 1631 urbeis:

332 1692 396 1754 qno
420 1693 507 1736 nunc
530 1674 648 1757 insigni
672 1693 728 1757 per
750 1694 881 1756 magnas
904 1675 1045 1758 praedita
1068 1682 1166 1738 terras

331 1779 476 1843 horrifice
499 1780 600 1843 fertur
623 1781 750 1843 divinae
773 1782 882 1844 matris
905 1784 1020 1866 image.
1034 1784 1055 1863 1)

262 1884 379 1967 Cybele
403 1893 509 1953 autem
532 1908 598 1951 non
621 1889 726 1951 solum
748 1889 783 1950 in
806 1888 889 1972 bigis
897 1892 919 1968 2)
943 1896 1038 1972 atque
1062 1890 1258 1973 quadrigisss)
1281 1890 1345 1953 lco-

170 2013 250 2055 num
273 1994 407 2075 vehitur,
431 1996 486 2058 sed
510 1997 605 2059 etiam
623 2001 679 2059 aut
697 2017 716 2058 a
734 1996 862 2059 duobus
880 1997 1026 2060 leonibus
1034 1998 1060 2079 4)
1084 1997 1279 2060 circumdata
1298 2004 1345 2060 est

172 2106 229 2165 aut
255 2101 392 2183 abuno,
400 2103 424 2185 ⁵)
455 2108 510 2167 aut
539 2104 574 2165 in
603 2104 694 2167 leone
724 2109 871 2167 currente
901 2104 1047 2185 sedensl)
1077 2109 1132 2167 aut
1159 2105 1283 2167 leonem
1311 2106 1343 2166 in

263 2315 289 2384 1)
308 2315 449 2369 Albericus
469 2317 501 2368 de
521 2317 630 2369 deorum
650 2316 764 2385 imagine
784 2332 806 2369 c.
826 2317 873 2369 12:
902 2316 962 2382 „cui
982 2316 1118 2386 (Cybelae)
1138 2317 1241 2384 antiqui
1259 2317 1345 2385 philo·

173 2405 251 2474 sophi
269 2404 350 2457 talem
369 2406 512 2475 imaginem
526 2405 712 2473 depinxerunt.
732 2405 881 2461 eratenim
894 2405 970 2474 virgo
989 2406 1087 2458 femina
1103 2407 1132 2458 in
1151 2423 1232 2459 curru
1251 2408 1346 2460 sedens

173 2496 308 2565 lapidibus
326 2496 449 2565 pretiosis
469 2500 496 2549 et
513 2495 683 2550 metallorum
697 2489 865 2550 diversorum
878 2496 1006 2550 varietate
1019 2497 1123 2556 vestita.
1147 2514 1243 2550 currus
1257 2500 1346 2550 autem

174 2586 287 2655 Cybeles
305 2603 321 2639 a
338 2586 460 2639 leonibus
478 2587 594 2639 trahitur
618 2602 796 2654 coronamque
821 2587 947 2639 turritam
965 2587 993 2637 iu
1012 2587 1097 2654 capite
1117 2589 1221 2655 gestare
1240 2588 1346 2640 dicitur.

173 2676 291 2744 pingitur
308 2676 385 2728 iuxta
402 2692 461 2728 eam
480 2675 508 2727 iu
528 2691 609 2728 curru
622 2677 691 2744 Atys
710 2692 779 2743 puer
797 2676 899 2742 nudus,
920 2692 999 2744 quem
1018 2675 1065 2728 illa
1084 2692 1188 2728 amasse
1205 2676 1303 2728 dicitur·
1320 2679 1347 2728 et

173 2766 254 2819 nimio
275 2766 332 2818 zelo
351 2769 497 2818 castrasse:
516 2767 544 2817 et
562 2765 601 2818 sic
619 2764 659 2816 illi
677 2763 764 2816 virilia
784 2764 1084 2833 pingitu1·anrputare.“
1106 2765 1238 2832 quomodo
1257 2767 1347 2817 auteur

173 2855 325 2924 philosophi
347 2854 462 2923 Cybeles
490 2854 634 2907 simulacra
659 2853 828 2921 explicarint,
859 2856 970 2922 apparet
994 2871 1028 2906 ex
1051 2852 1155 2906 Iuhauo
1174 2871 1200 2922 p.
1219 2853 1302 2906 1673
1322 2857 1348 2906 et

173 2945 295 2998 Varrone
313 2960 355 3012 ap.
369 2947 438 3013 Aug.
453 2945 485 2996 de
505 2943 555 2997 civ.
571 2944 670 3010 dciVI,
684 2945 733 2997 ⁴24:
753 2945 865 2996 eandem
885 2944 978 2996 dieunt
990 2943 1105 2995 Matrem
1118 2943 1256 3012 Magnam,
1277 2944 1348 3011 quod

173 3038 333 3103 tympanum
346 3034 450 3102 habeat,
462 3034 611 3102 significare
625 3050 684 3087 esse
697 3034 788 3087 orbem
800 3037 894 3101 terrae,
907 3033 978 3101 quod
992 3036 1080 3084 turres
1092 3033 1119 3084 in
1134 3032 1227 3100 capite,
1238 3033 1347 3101 oppida:

173 3125 245 3193 quod
265 3125 342 3178 sedes
360 3125 495 3194 fingantur
514 3124 675 3192 circaeam,
700 3142 762 3177 cum
782 3124 871 3177 omnia
889 3125 1036 3189 moveatur,
1062 3123 1148 3189 ipsam
1166 3138 1219 3174 non
1238 3122 1347 3176 moveri.

264 3216 290 3277 2)
310 3213 430 3266 Mionnet
445 3213 463 3267 l.
476 3213 499 3279 l,
512 3213 560 3281 IV,
574 3213 591 3266 5
604 3214 631 3265 iu
644 3230 754 3266 nummo
767 3213 867 3266 Severo
880 3212 1033 3265 Alexandro
1051 3212 1210 3278 imperatore
1223 3212 1251 3264 iu
1262 3211 1350 3280 Lydia

172 3320 281 3357 excuso.
308 3303 399 3356 Cohen
416 3302 434 3355 l.
453 3302 470 3355 l.
493 3302 542 3354 2Π
561 3319 586 3369 p.
600 3303 652 3355 417
673 3302 811 3372 (Faustina
829 3303 934 3368 mater).
965 3300 1231 3353 Mueller-Wicseler
1248 3300 1267 3354 l.
1285 3301 1303 3354 l.
1321 3301 1349 3353 Π

172 3413 199 3448 n.
213 3394 286 3447 8134
305 3393 333 3446 C.
347 3393 368 3445 1.
382 3393 412 3446 L.
426 3392 473 3459 Vl,
492 3391 553 3444 505.

264 3484 291 3550 3)
311 3482 403 3535 Cohen
423 3481 465 3534 ²1]
485 3499 510 3549 p.
524 3482 576 3534 129
596 3480 778 3550 (Hadrianus).
811 3480 863 3533 382
883 3480 1063 3549 (Antoninus).
1092 3480 1148 3532 1ΠΙ
1166 3497 1192 3547 p.
1210 3479 1270 3533 333.
1296 3480 1349 3533 349

174 3592 201 3626 n.
217 3573 277 3627 170.
298 3573 350 3626 172
370 3571 432 3640 (Iul.
446 3572 535 3641 Aug.)
919 3563 921 3566 ’

264 3665 292 3731 4)
311 3661 571 3714 Mueller-Wieseler
580 3660 616 3727 Π,
627 3659 687 3714 807.
697 3659 818 3712 Mionnet
827 3660 876 3726 111,
887 3659 948 3714 388.
959 3659 1046 3727 suppl,
1054 3659 1116 3725 VH,
1123 3658 1174 3711 401
1184 3658 1349 3724 (Domitian).

173 3754 266 3809 Cohen
287 3753 344 3805 1ΠΙ
360 3770 385 3820 p.
399 3752 460 3806 338.
486 3769 512 3805 u.
532 3751 574 3804 63.
594 3751 647 3803 349
666 3767 691 3801 u.
713 3749 849 3803 174175.
871 3749 931 3802 178.
952 3750 1004 3802 179
1022 3748 1083 3816 (Iul.
1104 3748 1193 3817 Aug).
1213 3748 1267 3801 556
1287 3747 1348 3816 (Iul.

173 3843 330 3912 Soaeurias).
351 3840 433 3909 Ξ11)).
448 3841 500 3894 399
514 3839 640 3909 (Sabina).
654 3839 715 3891 431.
730 3838 783 3891 439
797 3838 954 3907 (Faustina).
975 3837 1033 3890 ΞΠΙ
1045 3855 1070 3905 p,
1082 3839 1133 3890 122
1148 3837 1194 3905 (M.
1203 3837 1349 3905 Aurelius).

174 3933 236 3987 150.
257 3934 309 3986 164
327 3931 465 4001 (Faustina
484 3930 570 3983 minor
587 3929 672 3998 natu).
693 3929 745 3981 223
765 3928 898 3998 (Lucilla).

264 4023 292 4092 5)
311 4021 431 4074 Mionnet
457 4020 510 4087 ΠΙ,
537 4011 587 4072 161
619 4018 801 4088 (Maximinus.
831 4017 952 4071 Otacilla.
982 4016 1123 4083 Philippus
1151 4015 1238 4068 minor
1264 4017 1349 4083 nutu).

175 4113 267 4167 [tehen
287 4112 346 4175 1ΙΠ
369 4127 393 4177 p.
413 4109 465 4162 338
484 4126 509 4162 n.
530 4109 572 4162 65.
592 4108 634 4161 66.
654 4110 686 4161 71
708 4108 789 4175 (Iulia
806 4108 895 4177 Aug.)
916 4107 959 4159 2Π
978 4124 1002 4174 p.
1023 4106 1075 4158 129
1095 4104 1277 4174 (Hadrianus).
1297 4105 1350 4157 250

176 4202 302 4272 (Sabina).
323 4200 381 4252 21ss
398 4216 424 4267 p.
439 4199 492 4252 150
510 4216 535 4250 n.
552 4198 601 4250 172
622 4198 762 4265 (Faustina
781 4198 867 4249 minor
885 4196 970 4261 nutu).

265 4290 292 4359 6)
312 4289 403 4342 Coheu
424 4288 480 4341 1ΙΠ
498 4306 523 4356 p.
538 4288 590 4340 249
611 4287 737 4357 (Severus
755 4287 821 4339 Pius
841 4286 921 4355 Aug.)
941 4285 993 4338 418
1013 4282 1179 4351 (Caracalla).
1198 4281 1241 4335 ςΠ
1258 4300 1284 4350 p.
1298 4283 1351 4335 254

176 4380 301 4450 (Sabina).
320 4379 374 4431 439
394 4378 550 4446 (Faustina).
571 4377 628 4429 '²111
647 4396 671 4445 p.
693 4378 744 4429 223
764 4376 896 4445 (Lucilla).

1154 4479 1189 4528 3*
