3092 5000
657 323 867 385 „39-

169 497 371 577 ἀποκέαται,
399 495 503 585 ῥίψας
530 499 569 562 τὰ
592 499 711 581 εἵματα
734 496 856 584 μεγάλη
883 499 944 584 βοῇ
968 494 1000 574 ές
1022 495 1122 578 μέσον
1144 492 1266 582 έρχειαι
1293 494 1349 560 καὶ

169 602 271 694 ξίφος
294 608 367 691 (hoc
395 609 607 670 instrumento
631 611 767 670 utuntur
795 607 870 690 galli
898 607 976 668 deae
1003 604 1128 686 Syriae)
1157 601 1349 688 ἀναιρέεται·

169 714 217 776 τὰ
241 712 276 778 δέ·
305 714 415 779 πολλὰ
445 709 527 791 έτεα,
558 711 630 794 ἐμοὶ
662 710 780 791 δοκέει,
813 711 869 776 διὰ
898 721 992 775 τοῦτο
1022 708 1149 798 έοτηκε·
1181 710 1290 792 λαβὼν
1313 707 1349 773 δὲ
1416 760 1420 767 .

172 817 295 885 αὐτίκα
323 819 436 902 τάμνει
465 816 582 884 ἑαυτὸν
610 818 683 884 θέει
707 843 742 884 τε
769 820 825 884 διὰ
856 831 910 905 της
938 817 1055 896 πόλιος
1077 816 1134 882 καί
1158 819 1232 905 τῇσι
1259 814 1349 903 χερσὶ

172 925 266 1015 φέρει
285 929 326 992 τοί
345 923 471 1010 ἔταμεν.
496 926 528 1005 ἐς
552 923 663 1015 ὁκοίην
682 926 717 991 δέ
737 922 844 1014 οἰκίην
863 924 941 991 τάδε
964 922 1155 1010 ιίιτορρίηιει,
1174 923 1211 988 έκ
1230 925 1349 1012 ταύτης

175 1033 305 1121 ἐσθῆτά
324 1059 359 1100 τε
383 1034 506 1123 θηλέην
529 1033 585 1099 καὶ
609 1034 730 1117 κόσμον
754 1035 809 1098 τὸν
831 1034 1014 1120 γυναικήιον
1037 1031 1233 1116 tonstricem)
1257 1054 1349 1117 porro

175 1143 254 1205 dicit
273 1144 370 1207 Gallis
393 1144 491 1206 fuisse
511 1162 713 1206 communem
731 1143 838 1205 lucum
857 1142 1038 1226 sepulturae
1057 1146 1153 1223 atque
1173 1141 1211 1203 de
1230 1142 1351 1224 regulis

176 1252 328 1333 loquitur,
352 1271 392 1314 ex
418 1250 537 1333 quibus
557 1271 621 1313 una
644 1256 727 1313 certe
750 1250 790 1313 ad
812 1256 937 1312 nostros
957 1269 1086 1331 quoque
1108 1248 1210 1332 gallos
1233 1253 1352 1331 spectat

176 1378 252 1421 sues
275 1377 379 1440 neque
403 1358 626 1421 sacrificandus
651 1377 756 1440 neque
779 1357 918 1420 edendos
942 1358 1052 1437 esse2)

267 1465 327 1528 Sed
352 1466 414 1528 iam
439 1466 619 1546 redeamuS,
649 1465 734 1528 unde
757 1464 888 1547 profecti
912 1484 1031 1526 sumus.
1079 1463 1242 1526 Gallorum
1267 1464 1352 1525 enim

176 1572 308 1653 collegio
333 1573 443 1636 Matris
462 1573 598 1656 Magnae
616 1573 780 1636 Palatinae
798 1577 940 1655 praeerat
959 1571 1165 1655 archigallus:
1192 1571 1351 1653 quomodo

176 1680 230 1741 hic
258 1681 393 1742 vestitus
424 1680 566 1761 fueriti)
599 1699 639 1742 ex
672 1686 825 1761 prostypa
855 1686 997 1761 apparet,
1031 1678 1115 1760 quod
1149 1684 1236 1740 extat
1266 1679 1350 1760 apud

176 1787 385 1850 Wieseleruur
405 1787 452 1867 ΙΙ,
477 1789 555 1850 817:
581 1789 615 1848 in
638 1788 739 1868 capite
758 1806 907 1848 coronam
930 1786 1071 1848 lauream
1091 1785 1129 1848 de
1154 1806 1216 1868 qua
1236 1786 1351 1868 depen-

177 1894 254 1956 dent
276 1894 358 1956 duae
381 1894 544 1973 taeniam)
574 1892 676 1956 tribus
704 1893 814 1975 clipeis
842 1898 998 1973 ornatam,
1029 1913 1167 1974 quorum
1189 1893 1224 1954 in
1247 1893 1351 1955 medio

267 2052 292 2121 1)
312 2051 392 2106 Firm.
412 2053 445 2104 de
464 2067 514 2103 err.
534 2051 600 2119 prol.
621 2051 668 2103 rel.
688 2069 712 2118 p.
733 2051 757 2104 6.
787 2053 855 2119 Aug.
876 2051 908 2103 de
928 2052 979 2104 civ.
999 2051 1041 2103 dei
1061 2050 1127 2117 Vll}
1147 2051 1189 2104 26.

266 2144 293 2209 2)
313 2141 395 2194 Gallis
413 2141 521 2195 licuisse
540 2157 593 2193 non
611 2141 719 2193 videtur
744 2135 865 2208 σκόροδα
891 2146 993 2208 ‹prepeti›
1019 2140 1051 2192 cf.
1072 2140 1168 2192 Athon.
1189 2158 1212 2207 p.
1227 2141 1316 2193 222Ι).
1337 2158 1352 2193 a

177 2231 282 2284 feminis
301 2248 347 2283 cos
365 2231 449 2284 aniani
468 2231 542 2294 (Luc.
564 2230 596 2283 de
616 2231 640 2283 d.
661 2230 719 2299 Syr.
740 2232 785 2297 22)
804 2229 919 2299 legimus
937 2230 1008 2297 apud
1027 2230 1063 2280 W
1065 2230 1225 2282 estermanni
1244 2231 1351 2298 mytho·

176 2322 291 2390 graphos
316 2338 341 2388 p.
361 2320 426 2389 388,
451 2321 526 2389 tlsq.
562 2324 724 2388 quantopere
750 2322 841 2372 autem
867 2319 1011 2386 posteriore
1035 2321 1121 2373 aetate
1147 2319 1265 2387 despecti
1290 2320 1351 2386 sint⁷

176 2410 265 2463 elucet
283 2427 316 2462 ex
336 2410 415 2478 Apul.
431 2413 493 2465 met.
506 2410 524 2464 l.
538 2410 604 2463 Vlll
617 2428 641 2478 p.
657 2411 722 2462 182:
742 2413 807 2462 tunc
826 2410 932 2462 fortuna
950 2426 1011 2462 inea
1030 2409 1186 2463 saevissima
1205 2411 1351 2477 emptorem

176 2501 345 2568 aptissimum
366 2501 439 2553 duris
459 2502 525 2553 meis
545 2501 651 2554 casibus
670 2501 736 2552 mire
754 2502 892 2568 repertum
912 2500 1021 2567 obiecit3
1048 2500 1186 2552 cinaedum
1207 2503 1233 2552 et
1252 2516 1351 2564 senem,

177 2589 285 2643 calvum
299 2590 408 2658 quidem
425 2589 555 2643 cincinnis
575 2590 715 2642 semicanis
735 2592 762 2641 et
781 2589 903 2657 pendulis
923 2589 1090 2657 capillatum:
1110 2606 1194 2641 unum
1209 2590 1241 2641 de
1253 2588 1351 2640 triviali

176 2680 345 2747 popularium
364 2680 445 2746 faece,
465 2680 511 2747 qui
529 2695 578 2746 pei·
590 2679 691 2747 plateas
710 2682 737 2731 et
755 2679 852 2746 oppida
865 2678 996 2747 cymbalis
1015 2681 1042 2730 et
1060 2677 1166 2731 crotalis
1180 2680 1351 2745 personantes

149 2823 154 2833 ,
176 2771 309 2837 deamque
322 2768 427 2837 Syrium
441 2769 658 2821 circumferentes
671 2769 824 2821 mendicare
837 2768 1007 2835 compellunt.
1027 2767 1149 2820 similiter
1165 2767 1229 2820 dicit
1237 2769 1350 2834 August.

176 2860 202 2911 d.
217 2860 268 2913 civ.
288 2860 313 2912 d.
332 2860 372 2926 11,
392 2859 439 2911 26:
464 2858 583 2926 itemque
603 2843 781 2911 de'mollibus
800 2858 887 2910 eidem
905 2857 986 2911 Matri
1004 2856 1116 2926 Magnae
1136 2861 1228 2910 contm
1246 2872 1352 2909 omnem

177 2949 296 3001 virorum
320 2948 516 3016 mulierumque
542 2948 731 3000 verecundiam
757 2948 933 3012 consecratis,
963 2947 1009 3014 qui
1033 2963 1119 3014 usque
1143 2946 1171 2998 in
1195 2947 1351 2999 hesternum

176 3039 248 3091 diem
267 3038 381 3090 madidis
401 3037 516 3105 capillis,
543 3037 609 3089 faeie
629 3037 763 3104 dealbata,
783 3036 928 3088 fluentibus
947 3036 1087 3102 incrnlu‘is,
1113 3035 1220 3089 incessu
1239 3035 1352 3087 femineo

176 3144 225 3196 per
243 3128 345 3195 plateas
370 3127 498 3194 vicosque
527 3126 695 3196 Carthaginis
721 3126 802 3179 etiam
828 3142 843 3178 a
868 3124 973 3193 populis
998 3126 1069 3177 unde
1092 3124 1206 3192 trupiter
1230 3124 1353 3176 viror-ent

176 3218 319 3287 exigebant
344 3216 423 3284 (nihil
442 3216 527 3268 Varro
553 3215 641 3268 dicere
667 3215 753 3268 voluit
777 3232 826 3267 nec
851 3214 953 3282 uspiam
980 3230 1022 3266 me
1046 3213 1143 3283 legisse
1162 3214 1351 3283 commemini).

177 3307 275 3362 deiecit
286 3305 477 3374 interpretatio,
492 3306 599 3359 erubuit
612 3306 686 3373 ratio,
707 3305 836 3359 conticuit
848 3305 940 3358 oratio.
960 3304 1084 3357 alludunt
1100 3305 1218 3372 prolecto
1232 3304 1265 3356 ad
1279 3304 1352 3358 hunc

176 3414 279 3451 morem
298 3396 457 3462 medicandi,
477 3412 493 3448 a
511 3412 563 3463 quo
577 3394 655 3449 valde
675 3395 761 3448 aliena
774 3398 829 3447 erat
842 3395 942 3448 Romae
956 3394 1121 3448 consuetudo
1133 3394 1227 3447 Matris
1240 3393 1352 3462 Magnae

177 3487 347 3540 sacerdotum
367 3484 447 3538 certis
466 3484 560 3537 diebus
579 3484 656 3551 stipis
676 3484 830 3554 exigendae,
850 3489 877 3535 ot
895 3483 1074 3536 Tertullianus
1093 3499 1134 3550 ap.
1154 3499 1176 3536 c.
1192 3484 1237 3535 15:
1258 3484 1354 3537 circuit

177 3592 299 3644 caupona
324 3573 416 3643 religio
439 3572 605 3640 mendicans,
632 3572 715 3642 exigit
739 3573 891 3624 mercedem
916 3588 963 3640 pro
989 3571 1045 3624 solo
1068 3572 1173 3638 templi,
1205 3588 1252 3639 pro
1278 3573 1353 3625 aditu

177 3667 259 3732 sacri,
278 3662 413 3717 nonlicet
433 3664 495 3716 deos
514 3662 596 3731 gratis
614 3679 704 3730 nosse,
724 3661 834 3715 venales
853 3666 928 3728 sunt,
948 3666 974 3714 et
992 3662 1092 3716 Minue.
1111 3660 1166 3714 Fel.
1191 3662 1248 3714 Oct.
1269 3662 1315 3728 24,
1335 3662 1352 3714 3

113 3742 123 3746 ’
177 3756 241 3810 alii.
257 3796 262 3807 .
278 3796 282 3806 .
298 3753 480 3806 mendicantes
498 3752 606 3805 uicatim
627 3753 691 3806 deos
711 3753 821 3806 ducunt.
846 3752 878 3804 cf.
897 3752 1009 3805 Lobeek.
1029 3750 1159 3820 Aglaoph.
1178 3751 1239 3805 632.
1259 3752 1352 3803 eadem

177 3846 253 3898 nobis
266 3844 410 3897 traduntur
429 3842 461 3894 de
473 3842 552 3895 Isidis
572 3842 755 3918 sacerdotibus
769 3843 802 3894 cf.
814 3841 890 3895 Ovid.
902 3859 936 3894 ex
946 3841 975 3894 P.
989 3842 1010 3908 l,
1025 3842 1049 3908 1,
1063 3842 1105 3894 37.
1125 3841 1204 3907 Prop.
1215 3841 1262 3907 iv,
1273 3841 1298 3907 8,
1308 3842 1351 3894 39.

177 3935 244 3987 tales
264 3950 328 3986 vero
347 3933 471 3987 cinaedos
489 3949 562 3984 nunc
587 3948 692 4000 quoque
717 3931 839 3999 reperiri,
866 3931 911 3999 qui
937 3930 1052 3984 Ciarriuli
1070 3930 1198 3983 nominati
1216 3930 1243 3982 in
1262 3930 1353 3983 Sicilia

177 4024 296 4078 earmina
314 4023 340 4075 in
361 4021 456 4090 plateis
469 4022 572 4088 docent,
592 4022 778 4091 cognoscimus
798 4021 1043 4088 dissertatiuncula,
1063 4036 1131 4088 quae
1145 4023 1218 4072 extat
1230 4020 1258 4071 in
1270 4037 1352 4072 anna·

177 4114 249 4167 libus
271 4112 347 4181 „allg
362 4127 456 4181 evang.
469 4111 567 4164 luther.
582 4111 819 4179 kirchenzeitung“
835 4126 858 4163 a.
873 4111 943 4163 1883
959 4128 985 4162 n.
1000 4110 1034 4163 26
1047 4128 1071 4178 p.
1086 4108 1139 4162 613
1152 4126 1191 4177 sq.

267 4203 294 4270 3)
314 4203 347 4254 de
365 4201 485 4255 Battacis
504 4201 663 4255 vestimento
682 4202 715 4255 cl.
736 4219 761 4268 p.
776 4202 800 4253 9.

266 4292 294 4349 dl
313 4291 376 4345 lsid.
390 4292 454 4361 orig.
468 4292 511 4359 19,
524 4291 568 4358 31,
581 4292 597 4343 6
616 4292 705 4345 taenia
724 4292 814 4343 autem
828 4293 868 4343 est
881 4290 1009 4343 vittarum
1029 4289 1183 4343 extremitas
1200 4288 1352 4356 dependens

178 4383 346 4437 diversorum
365 4380 503 4435 collorum.
