3092 5000
727 346 939 410 -ffi-

246 523 315 587 trib.
339 529 402 607 pot.
425 523 472 605 Π,
502 544 563 588 cos.
592 522 638 603 Π,
668 524 749 606 patri
778 525 896 606 patriae
924 528 1099 606 posuerunt
1127 543 1153 585 a.
1175 525 1252 604 139,
1283 543 1348 606 quo
1370 524 1435 588 bie

245 631 362 693 iterum
391 632 503 694 consul
530 630 598 693 fuit.
623 649 760 714 sequens
790 631 902 693 titulus
931 631 1014 693 inest
1041 631 1076 692 in
1104 631 1224 693 eisdem
1253 632 1434 695 annalibus
1481 700 1485 707 .

245 739 294 801 40
313 758 349 820 p.
374 739 458 818 373,
493 758 557 821 quo
581 737 654 802 Sex.
679 740 806 801 Annius
829 737 955 821 Merops
977 737 1161 800 Honoratus
1193 738 1433 823 dendrophoris

246 845 390 908 eiusdem
419 844 527 928 oppidi
560 846 687 929 signum
717 851 818 908 terrae
846 843 957 908 Matris
989 845 1114 908 dedicat
1143 844 1228 907 XIII
1255 844 1325 908 Kal.
1349 845 1431 908 Mai.

246 952 279 1015 1.
300 952 416 1036 Cuspio
440 951 556 1016 Rufino
578 952 610 1015 T.
631 951 729 1015 Statio
754 950 915 1026 Quadrato
945 952 1130 1015 consulibus
1160 953 1217 1035 (19
1237 952 1265 1014 (1.
1285 972 1325 1014 61.
1345 953 1431 1035 Apr.

247 1080 273 1122 a.
297 1058 388 1142 142);
419 1061 521 1123 isdem
545 1060 773 1144 dendrophoris
797 1079 880 1122 anno
903 1066 975 1143 post
997 1059 1077 1123 Idib.
1104 1059 1177 1122 Mai.
1208 1059 1368 1142 Torquato
1395 1066 1434 1123 61

246 1166 375 1230 Herode
405 1167 590 1231 consulibus
619 1166 882 1250 (16661166
904 1188 931 1230 a.
961 1169 1033 1248 143)
1064 1167 1147 1231 dono
1179 1167 1265 1231 dedit
1293 1169 1431 1251 signum

246 1273 360 1337 Martis
380 1274 412 1337 Τ.
431 1274 560 1337 Annius
582 1272 737 1337 Lucullus
761 1274 809 1336 VI
837 1276 888 1337 vir
910 1275 1097 1359 Augustalis
1120 1280 1151 1337 et
1175 1275 1432 1358 quinquennalis

247 1383 435 1445 honoratus:
460 1381 551 1443 Ano.
574 1380 727 1443 166140
747 1401 783 1463 p.
808 1383 886 1443 374.
919 1381 1056 1465 denique
1079 1383 1120 1445 ad
1139 1383 1266 1471 eosdem
1286 1381 1431 1447 dendro-

246 1490 362 1574 phoros
381 1495 499 1572 spectat
516 1490 561 1551 tit.
581 1487 671 1550 Arm.
694 1487 778 1550 1661.
796 1490 843 1549 40
856 1510 892 1572 p.
908 1490 980 1552 368
998 1489 1091 1553 valde
1110 1491 1275 1553 mutilatus
1294 1484 1327 1551 O.
1345 1487 1430 1551 Pra-

248 1597 330 1659 61166
339 1596 454 1659 Pacato
465 1594 809 1659 MessallinoLAnnio
820 1594 921 1680 Largo
945 1597 1130 1660 consulibus
1153 1604 1277 1661 erectus
1286 1597 1428 1680 (6147).

336 1704 480 1767 Primum
510 1708 616 1766 autem
645 1704 859 1767 taurobolium
888 1724 929 1768 ex
953 1706 1084 1788 imperio
1107 1703 1217 1767 Matris
1245 1704 1340 1767 deum
1364 1723 1430 1786 pro

248 1812 349 1875 salute
368 1812 523 1874 Antonini
542 1811 680 1894 Augusti
700 1810 750 1873 Pii
769 1810 1006 1895 liberorumque
1025 1814 1094 1876 eius
1113 1817 1144 1875 et
1162 1816 1262 1874 status
1281 1811 1431 1874 coloniae

247 1918 472 2002 Lugdunensis
498 1939 517 1980 a
539 1916 572 1981 L
599 1918 736 1981 Aemillo
768 1917 868 2002 Carpo
898 1921 1002 1983 seviro
1031 1918 1202 2003 Augustali
1232 1923 1262 1980 et
1286 1918 1428 1981 dendro-

247 2028 345 2110 phoro
365 2027 470 2109 Appio
492 2026 602 2089 Annio
618 2025 718 2089 Atilio
740 2026 870 2089 Bradua
893 2033 924 2090 et
945 2027 977 2090 Τ.
997 2026 1107 2090 Clodio
1124 2027 1219 2089 Vibio
1240 2026 1326 2088 Varo
1346 2046 1428 2088 con-

248 2135 372 2198 sulibus
400 2134 535 2216 (6160)
564 2133 683 2196 factum
715 2140 769 2197 est
818 2136 1052 2197 accuratissime
1084 2134 1212 2197 titulum
1244 2134 1343 2196 edidit
1372 2135 1428 2196 vir

249 2242 359 2305 doctus
382 2239 637 2324 FranoogalIIcus
660 2240 808 2304 Boissieu
832 2241 860 2304 I.
878 2242 908 2304 d.
927 2241 965 2304 L.
981 2264 1017 2326 p.
1032 2244 1096 2318 24,·
1122 2243 1274 2324 quoniam
1291 2243 1426 2304 veroin

247 2355 336 2433 parte
362 2348 409 2410 IV
434 2348 473 2411 de
496 2348 680 2411 tauroboliis
710 2348 938 2432 disputandum
968 2348 1046 2411 mibi
1074 2350 1237 2432 proposui,
1266 2349 1321 2411 illo
1351 2349 1426 2411 loco

249 2456 433 2540 diligentius
456 2455 542 2519 bunc
564 2454 692 2519 titulum
714 2456 939 2540 gravissimum
962 2454 1166 2540 pertractabo.

337 2562 460 2626 Deinde
479 2568 562 2625 certe
581 2568 653 2626 ante
676 2583 701 2625 a
720 2565 783 2626 169
802 2563 954 2627 61666.
972 2563 1056 2625 lust.
1075 2565 1426 2646 40636861616166

248 2677 308 2753 est,
333 2690 397 2753 quo
420 2670 500 2732 Aur.
519 2669 603 2732 Vero
623 2671 779 2754 Augusto,
803 2673 859 2754 qui
882 2692 907 2733 a
930 2674 989 2735 161
1015 2677 1087 2754 post
1109 2675 1242 2733 mortem
1265 2672 1425 2734 Antonini

248 2779 299 2842 Pii
323 2779 460 2841 atratis
487 2797 545 2840 suo
569 2776 610 2840 M.
630 2779 762 2841 Aurelio
785 2779 950 2842 Antonirro
974 2780 1142 2862 Augustus
1166 2778 1285 2841 electus
1309 2799 1336 2841 a
1358 2780 1425 2843 169

248 2888 315 2949 vita
336 2886 473 2949 excessit
500 2883 618 2947 Fabius
641 2882 676 2958 Q.
702 2884 721 2946 f.
750 2882 935 2948 Honoratus
965 2884 1004 2947 ob
1034 2885 1186 2949 honorem
1212 2886 1425 2949 immunitatis

249 2993 479 3075 dendrophoris
501 2991 700 3055 Ostiensibus
724 2992 845 3054 donum
868 2991 962 3054 dedit

337 3100 442 3163 'litulo
465 3099 659 3181 insequenti,
683 3100 739 3181 qni
763 3105 850 3161 extat
873 3100 906 3161 in
933 3098 965 3161 0.
988 3099 1016 3162 I.
1039 3099 1076 3162 L.
1104 3099 1163 3179 VI,
1190 3101 1301 3178 3702,
1326 3099 1424 3163 Matri

248 3208 363 3271 Idaeae
384 3207 416 3270 Τ.
436 3207 580 3270 Asuellio
603 3205 763 3269 Marciano
787 3212 931 3270 curatore
955 3208 1084 3271 aedirrm
1106 3227 1271 3271 sacrarum
1294 3213 1325 3271 et
1348 3227 1424 3290 ope-

249 3335 323 3378 rum
345 3315 552 3396 locorumque
575 3312 774 3396 publicorum
799 3313 963 3377 dedicatur
982 3315 1028 3377 Vl
1047 3315 1115 3378 Kal.
1135 3316 1236 3398 April.
1255 3315 1424 3379 Pertinace
1514 3396 1515 3405 ¹

250 3429 281 3486 et
308 3422 434 3486 Iuliano
464 3420 648 3484 oonsulibus
677 3421 973 3502 (6216116116
1002 3444 1027 3485 a
1059 3426 1141 3501 175).
1174 3424 1208 3485 in
1239 3423 1335 3485 idem
1355 3423 1423 3486 fere

249 3537 374 3612 tempus
396 3528 509 3591 Incidit
531 3529 575 3590 tit.
604 3526 637 3590 Ο.
658 3527 687 3590 Ι.
716 3528 756 3591 L.
779 3527 825 3608 Χ,
845 3531 951 3609 4635,
981 3550 1077 3612 quem
1099 3530 1240 3593 Vitrasia
1261 3529 1422 3610 Faustina,
1514 3547 1515 3568 ³

249 3636 403 3700 Pollionis
430 3636 570 3699 consulis
600 3634 677 3717 11116,
711 3656 808 3718 quam
838 3658 865 3699 a
888 3640 949 3701 183
980 3659 1009 3721 p.
1034 3637 1104 3700 Chr.
1132 3638 1328 3701 interfectam
1351 3658 1423 3701 esse
1514 3671 1515 3688 .

249 3745 368 3806 scimus
397 3743 483 3824 (Ael.
508 3740 666 3826 Lamprid
689 3764 719 3807 v.
745 3742 864 3806 Gomm.
884 3746 920 3823 4)
950 3745 990 3808 ab
1018 3747 1208 3828 imperatore
1240 3744 1422 3827 Commodo,

249 3850 343 3913 Matri
362 3849 496 3933 Magnae
519 3870 577 3913 sua
598 3851 735 3932 pecunia
756 3851 838 3914 fecit.
863 3871 937 3915 cum
956 3872 1031 3916 vero
1050 3853 1152 3916 Pollio
1176 3874 1202 3915 a.
1224 3855 1422 3918 1761161616
1514 3915 1515 3938 ,

250 3958 361 4021 666661
379 3957 481 4020 fuctus
499 3959 554 4038 sit,
578 3957 636 4020 hoc
659 3964 765 4020 autem
788 3960 881 4022 titulo
904 3960 1017 4023 consul
1039 3967 1162 4023 tantum
1181 3962 1370 4042 nominetur,
1392 3964 1422 4025 is
1514 3957 1515 4012 1

250 4071 323 4127 6616
346 4085 372 4128 a
394 4065 598 4146 nepesinis
622 4071 676 4129 est.
701 4085 764 4148 quo
789 4086 872 4129 anno
891 4066 956 4129 XV
975 4066 1044 4131 Kal.
1064 4067 1143 4132 Nor.
1163 4069 1205 4152 (d
1225 4071 1273 4132 18.
1288 4089 1328 4133 m.
1340 4068 1421 4153 Oct)

250 4172 414 4255 complura
441 4169 619 4234 taurobolia
640 4171 790 4236 Lactorae
818 4181 965 4257 percepta
994 4180 1069 4238 sunt
1092 4196 1111 4238 a
1133 4176 1212 4239 viris
1232 4176 1422 4260 feminisque

250 4279 288 4343 cf.
312 4277 441 4358 Gruter,
457 4300 493 4362 p.
514 4277 640 4359 XXX,
664 4282 694 4342 4.
720 4279 866 4360 XXXI,
893 4283 925 4344 3.
951 4281 1051 4346 Porro
1074 4283 1201 4347 afferam
1224 4287 1269 4348 tit
1293 4282 1422 4367 Lugdu·

250 4405 383 4450 nensem
410 4385 575 4469 (Boissieu
594 4386 622 4449 Ι.
638 4387 669 4449 d.
688 4386 729 4449 L.
742 4408 780 4470 p.
794 4390 854 4471 28)
881 4396 1008 4474 propter
1030 4391 1244 4454 taurobolium
1266 4390 1300 4453 L
1319 4390 1421 4475 EggIo
