3092 5000
704 365 920 424 ..4-

224 537 365 618 Cybelen
384 541 507 602 conecti
524 558 599 602 cum
616 538 717 620 Rhea,
742 560 867 603 summa
886 538 1079 602 Graecorum
1099 539 1172 617 dea3
1198 546 1296 622 atquc
1313 544 1412 602 recte

224 646 388 709 adnotavit
415 646 589 710 Schwenclr
617 648 827 731 (mythologie
851 647 907 710 der
936 646 1093 710 Griechen
1115 668 1144 730 p.
1166 646 1244 728 336)
1276 646 1412 709 Rheam

223 773 288 816 non
317 754 406 837 prius
436 754 535 817 fuisse
568 775 716 839 magnam
743 755 849 836 dcam,
883 775 979 837 quam
1010 756 1179 817 coniuncta
1211 760 1294 818 esset
1324 773 1413 816 cum

225 860 342 941 Cybele
366 861 514 945 Phrygia.

316 966 453 1042 Quando
476 969 582 1032 cultus
605 970 640 1031 in
659 968 823 1032 Graeciam
848 971 1019 1033 translatus
1043 971 1096 1050 sit,
1120 970 1268 1053 cognosci
1286 973 1411 1053 potest,

226 1076 253 1137 si
276 1075 395 1157 locum,
421 1077 476 1158 qui
500 1082 587 1140 extat
610 1078 693 1159 apud
718 1077 894 1158 lulianum,
918 1078 1143 1159 coniungimus
1162 1097 1235 1140 cum
1259 1079 1318 1156 εἰς,
1344 1077 1413 1156 qui

229 1183 313 1265 apud
337 1186 485 1267 antiquos
506 1183 697 1247 Graecorum
720 1191 829 1268 poetas
848 1191 879 1248 et
897 1187 1066 1269 scriptores
1087 1187 1296 1268 reperiuntur.
1321 1184 1412 1265 legi-

225 1309 298 1352 mus
330 1292 414 1353 enim
445 1290 531 1374 apud
567 1291 625 1354 Iul.
651 1311 694 1354 or.
720 1290 750 1351 V
773 1292 865 1354 initio
894 1292 986 1354 haec:
1021 1286 1072 1367 τίς
1105 1288 1140 1353 δὲ
1168 1281 1187 1376 η
1217 1303 1283 1352 τιον
1312 1291 1413 1351 θεῶν

28 1390 29 1397 ¹
118 1430 121 1437 ,
226 1396 346 1484 Μήτηρ
369 1394 427 1461 καὶ
452 1397 470 1460 d
493 1408 549 1484 τῆς
571 1393 701 1481 ἁγνείας
725 1395 864 1485 ταυτησὶ
888 1396 1011 1483 τρόπος
1040 1397 1158 1473 ὁποῖος
1180 1393 1236 1460 καὶ
1260 1392 1411 1481 προσέτι

227 1513 283 1567 τοῦ
305 1502 398 1588 χάριν
422 1501 541 1568 οὑτωσὶ
570 1515 716 1582 τοιοῦτος
738 1497 816 1593 ημῖν
838 1503 874 1582 ἐξ
895 1503 991 1591 ἀρχῆς
1013 1499 1224 1591 aasabim,
1248 1501 1411 1588 παραδο-
1435 1558 1437 1561 ,

226 1608 301 1688 θεὶς
318 1608 378 1693 μὲν
395 1612 461 1675 ὑπὸ
480 1626 545 1675 τῶν
563 1610 786 1697 ἀρχαιοτάτων
808 1617 948 1699 Φρυγῶν,
972 1609 1196 1696 ιταραδεχάεὶς
1214 1608 1249 1674 δὲ
1268 1624 1412 1694 πρῶτον

227 1709 279 1805 ὑφ’
309 1708 468 1805 Ἑλλήνιον
489 1716 547 1783 καὶ
575 1719 697 1783 τοάτιον
721 1718 756 1784 cd
781 1719 951 1800 τυχόντων,
984 1711 1053 1782 ἀλλ’
1077 1710 1267 1806 Ἀθηναίων
1296 1712 1412 1802 ἔργοις

229 1823 458 1906 διδαχθέντιον,
484 1820 535 1890 ὅτι
555 1828 598 1915 μι)
617 1828 725 1905 καλῶς
744 1826 921 1891 tribucum
940 1824 998 1889 ἕιτὶ
1018 1828 1064 1910 τῷ
1083 1826 1226 1890 τελοῦντι
1245 1825 1288 1888 τά
1308 1815 1411 1909 άργια

228 1944 284 2016 τῆς
308 1932 460 2021 Μητρός,·
483 1932 630 2018 λέγονται
655 1936 714 2021 γάρ
739 1922 826 1998 οὗτοι
851 1931 1059 2020 περιυβρίσαι
1079 1931 1136 1998 καὶ
1161 1931 1326 1998 ἀπελάσαι
1347 1923 1413 1995 τὸν

230 2038 356 2103 Γάλλον
387 2031 430 2118 ὡς
460 2042 501 2103 τά
533 2044 612 2106 θεῖα
643 2051 900 2123 καινοτομοῦντα
930 2040 998 2105 κτλ.
1030 2048 1061 2105 ct
1083 2047 1207 2124 postea:
1242 2030 1262 2126 η
1285 2039 1346 2123 γάρ
1372 2035 1413 2102 ἐν

229 2157 313 2211 πᾶσι
333 2150 403 2224 τοῖς
421 2147 536 2225 καλοῖς
559 2139 685 2236 ἡγεμὼν
703 2146 854 2236 γενομένη
874 2152 944 2226 τοῖς
962 2142 1122 2236 Ἓλλησιν,
1147 2138 1166 2235 η
1189 2155 1246 2210 τοῦ
1268 2142 1411 2209 Πυθίου

229 2252 414 2339 πρόμαντις
445 2258 538 2332 θεοῦ,
568 2256 650 2342 (τὴν)
674 2266 730 2342 τῆς
759 2256 897 2342 Μητρὸς
927 2269 991 2318 τῶν
1014 2258 1103 2319 θεῶν
1124 2266 1217 2341 μῆνιν
1240 2251 1413 2317 ἐκέλευσεν

231 2356 439 2425 ἱλάσκεσθαι·
462 2358 519 2425 καὶ
544 2360 671 2450 άνέστη,
696 2358 807 2450 φασίν,
832 2360 890 2426 ἐντὶ
915 2361 1019 2446 τούτῳ
1037 2363 1075 2426 τὸ
1097 2363 1253 2450 μητρῷον,
1278 2347 1315 2424 οὗ
1333 2362 1412 2436 τοῖς

228 2460 423 2558 Ἀθηναίοις
453 2465 595 2558 δημοσίᾳ
628 2468 740 2534 πάντα
774 2468 972 2558 ἐφυλάττετο
1007 2471 1048 2533 τὰ
1084 2472 1297 2558 γραμματεῖα.
1340 2489 1413 2553 qua

230 2577 340 2640 fabula
363 2584 541 2661 comparato
564 2579 618 2640 illo
638 2578 836 2642 Baccharum
859 2579 928 2642 loco
948 2581 1012 2662 (vv.
1033 2579 1199 2660 64-169)
1218 2578 1411 2662 Musgravio

231 2687 278 2768 (in
302 2685 372 2748 adn.
388 2685 427 2747 ad
446 2685 555 2769 Eurip.
571 2685 640 2750 Hel.
660 2688 755 2766 1321)
776 2687 895 2749 dictum
914 2687 1043 2749 videtur
1061 2686 1196 2768 Cybeles
1215 2705 1304 2748 sacra
1322 2686 1413 2747 circa

231 2792 422 2875 Euripidisl)
443 2798 576 2856 aetatem
595 2793 736 2857 Athenas
755 2796 1005 2876 permanavissc3
1031 2797 1084 2857 cui
1102 2793 1275 2856 sententiae
1294 2791 1411 2871 obstat,

233 2900 320 2983 quod
343 2902 407 2962 iam
431 2905 523 2963 antea
546 2900 679 2964 Matrem
698 2900 847 2984 Magnam
871 2907 978 2965 notam
993 2902 1101 2986 [fuisse
1124 2901 1252 2964 Graccis
1276 2903 1411 2982 apparet

232 3026 272 3070 ex
302 3007 434 3070 Pindari
464 3007 696 3091 carminibusa)
730 3016 920 3092 quapropter
950 3008 1124 3092 Prellero3)
1154 3009 1316 3088 assentior,
1348 3007 1411 3089 qui

232 3114 505 3179 Pisistratidarum
521 3115 716 3199 temporibus
733 3117 855 3179 cultum
874 3118 907 3179 in
925 3116 1089 3180 Graeciam
1105 3118 1260 3179 invasisse
1276 3115 1409 3177 iudicat.

234 3223 320 3305 quod
345 3229 451 3286 autem
482 3224 592 3286 attinet
621 3223 661 3285 ad
690 3223 832 3287 fabulam
855 3246 874 3287 a
895 3225 1020 3287 Iuliano
1052 3225 1222 3287 memoriae
1249 3222 1410 3301 traditam,
1518 3217 1519 3272 ἒ

234 3349 271 3393 ea
294 3331 472 3392 ostenditur
495 3330 533 3392 ab
558 3331 809 3393 Atheniensibus
833 3332 971 3414 primum
995 3332 1117 3394 cultum
1141 3332 1326 3413 spretum,⁴)
1350 3328 1410 3391 scd

234 3438 325 3499 iussu
358 3436 492 3517 Pythiae
524 3436 660 3499 libenter
692 3437 731 3499 ab
764 3439 805 3500 iis
837 3444 999 3521 receptum
1033 3458 1109 3501 csse.
1163 3438 1299 3500 Athenis
1331 3455 1409 3499 vero

325 3704 352 3772 1)
370 3703 469 3756 Bacch.
484 3703 517 3756 72
536 3719 574 3771 sq.
599 3703 678 3771 Hipp.
700 3705 750 3757 141
770 3721 809 3773 sq.
834 3704 894 3758 Hel.
916 3705 983 3758 1301
1004 3722 1043 3774 sq.
1066 3705 1132 3774 frgg.
1151 3705 1213 3773 475,
1232 3703 1408 3757 caurauni.

236 3776 386 3846 denomino
406 3798 461 3855 „M
463 3788 527 3862 ητηρ
546 3788 638 3862 ὀρεία(ί
653 3794 685 3846 cf.
700 3794 780 3847 ctiam
794 3796 867 3849 anth.
879 3795 935 3848 Pal.
947 3796 987 3848 ed.
998 3796 1124 3848 Ducbner
1133 3795 1181 3862 Vi,
1196 3795 1255 3846 173.
1275 3793 1410 3847 Wicseler

236 3883 341 3935 denknu
356 3882 464 3936 dalton
483 3882 565 3935 kunst
582 3882 617 3949 H,
637 3882 697 3935 809.
717 3883 1001 3959 Lehas-Waddington
1019 3885 1036 3936 l.
1049 3884 1066 3937 l.
1082 3884 1131 3950 ΙΠ,
1145 3883 1205 3937 693.
1220 3884 1253 3936 dc
1272 3884 1313 3936 dis
1331 3900 1408 3936 mon·

235 3972 305 4024 tanis
325 3973 357 4025 cf.
372 3973 400 4024 in
418 3972 576 4025 universum
588 3972 678 4041 Migne
697 3973 791 4041 patrol.
804 3973 850 4027 lat.
864 3974 917 4027 VH
930 3992 955 4041 p.
969 3974 1023 4027 403
1036 3990 1075 4042 sq.
1088 3974 1141 4026 493
1154 3990 1192 4042 sq.
1207 3972 1305 4026 Galerii
1318 3976 1408 4025 autem

236 4062 394 4114 Maximiani
413 4062 533 4115 Caesaris
558 4065 671 4115 matrem
696 4063 779 4116 fuisse
804 4064 914 4116 deorum
938 4063 1068 4116 montium
1088 4062 1226 4116 cultricem
1246 4063 1310 4115 dicit
1327 4062 1407 4115 Firm.

236 4152 390 4205 Lactantius
409 4152 463 4204 VH
481 4170 505 4220 p.
520 4154 570 4205 211
592 4152 710 4223 (Mignc).

327 4243 353 4305 2)
373 4241 467 4295 Strabo
474 4242 510 4311 Χ,
516 4243 577 4296 469.
587 4242 725 4309 Paule,
736 4243 779 4310 25,
790 4243 814 4296 3.
828 4242 992 4311 PindPyth.
1000 4244 1049 4311 111,
1061 4243 1102 4298 78.
1110 4244 1176 4313 irgg.
1183 4244 1217 4296 79
1227 4243 1291 4312 (48).
1301 4243 1337 4296 95
1344 4240 1406 4312 (63).

327 4331 354 4399 3)
373 4331 476 4384 Prellcr
494 4332 593 4401 griech.
614 4332 713 4401 myth³
732 4332 753 4400 I,
773 4332 833 4384 537.

327 4420 355 4490 4)
375 4421 704 4475 συνταράττεται,
719 4416 1078 4493 ετμιιριγιριης.ευρ.
1090 4396 1407 4491 aamaapnrnaaar.
1518 4387 1519 4420 ³

1518 4051 1520 4204 l
