3092 5000
262 1408 533 1580 Antiquissimis
555 1498 619 1560 iam
647 1497 843 1581 temporibus
851 1496 874 1580 1)
903 1517 968 1560 non
998 1496 1092 1561 modo
1122 1499 1156 1559 in
1178 1495 1281 1577 Lydia
1305 1502 1336 1560 et

156 1607 317 1690 Phrygia,
341 1607 427 1670 unde
451 1608 556 1670 cultus
575 1606 685 1671 Matris
705 1606 840 1691 Magnae
857 1609 1002 1691 pervenit
1024 1609 1058 1670 in
1082 1606 1259 1689 Graeciam,
1278 1608 1334 1670 sed

156 1716 254 1777 etiam
273 1716 308 1778 in
327 1718 393 1777 tota
409 1714 488 1778 Asia
507 1716 612 1778 cultus
631 1715 796 1779 libidinem
814 1714 1047 1778 inflammantes
1065 1716 1205 1799 viguisse
1223 1720 1335 1778 notum

156 1827 222 1901 est,
256 1823 340 1884 iuter
370 1842 451 1904 quos
481 1825 508 1885 si
540 1824 718 1886 accuratius
751 1842 805 1886 eos
837 1825 1126 1907 comparaverimus
1160 1842 1334 1906 eorumque

157 1930 330 2012 originem,
360 1929 559 2012 quoadssfieri
581 1931 694 2014 pessit,
726 1931 873 2014 detegere
896 1932 999 1993 conati
1026 1932 1157 2011 erimus,
1186 1951 1334 2014 magnam

156 2058 229 2102 esse
247 2039 489 2102 similitudinem
507 2039 599 2101 facile
616 2037 709 2101 nobis
728 2037 1029 2122 persuadebimus‘2)
1051 2038 1144 2101 illum
1162 2039 1247 2100 enim
1266 2039 1334 2101 cul-

154 2150 227 2208 tum
251 2145 422 2227 Esbmuni,
447 2147 503 2228 qui
526 2145 601 2209 olim
620 2145 800 2226 Babylone,
823 2150 932 2229 postea
952 2144 1141 2228 Carthagine
1164 2147 1334 2230 praecipue

156 2273 234 2316 cum
258 2253 393 2336 Gabiris,
416 2258 538 2338 septem
560 2254 624 2316 illis
646 2254 796 2336 planetis,
827 2253 997 2333 colebatur,
1023 2272 1117 2336 quem
1140 2258 1269 2334 narrant
1292 2253 1331 2315 ab

156 2360 333 2442 Astronoe,
353 2363 405 2424 oui
423 2361 617 2445 respondent
634 2362 769 2424 numina
787 2360 980 2443 Ashtoret,³)
999 2360 1121 2424 Naama
1140 2360 1189 2443 (cf.
1200 2358 1333 2423 Damas·

156 2470 243 2532 cium
263 2454 358 2551 XVI,
377 2471 407 2533 2.
439 2469 550 2533 Isidor.
570 2488 599 2553 p.
620 2467 707 2553 302),
731 2474 873 2533 amatum
896 2487 929 2533 se
952 2470 1058 2553 ipsum
1076 2468 1240 2533 mutilasse
1264 2488 1333 2533 eam

155 2577 332 2660 fugientem
356 2584 451 2661 atque
481 2583 616 2641 mortem
640 2577 768 2660 obiisse,
800 2578 914 2641 deinde
942 2576 1068 2640 Paeane
1096 2578 1269 2641 adiuvante
1296 2579 1333 2639 in

157 2686 256 2747 vitam
289 2691 473 2749 revocatum
506 2705 587 2768 esse,
627 2705 693 2748 non
725 2686 863 2748 multum
901 2685 1018 2748 distare
1049 2706 1068 2748 a
1100 2686 1189 2748 cultu
1222 2683 1332 2748 Matris

78 2809 81 2814 “
156 2790 297 2875 Magnae
318 2797 349 2856 et
366 2793 500 2875 Attidio,
525 2791 676 2856 Caelestis
700 2798 731 2856 et
748 2792 908 2855 Adonidis
917 2792 942 2874 4)
967 2794 1040 2874 quis
1064 2798 1111 2855 est
1135 2793 1191 2874 qui
1214 2793 1331 2874 neget?

158 2901 238 2981 quin
268 2900 363 2963 etiam
394 2902 501 2963 neseio
535 2920 576 2963 an
609 2892 704 2963 deum
737 2899 917 2982 „Eshmum
948 2901 1141 2983 coniungere
1172 2901 1332 2982 possimus

157 3026 231 3070 cum
253 3007 423 3091 Aegyptio,
447 2983 499 3071 oui
521 3027 638 3071 nomen
663 3012 710 3071 est
733 3006 909 3089 ,Schmum
933 3008 963 3087 (i.
984 3027 1008 3070 e.
1026 3013 1158 3069 octavus
1178 3007 1214 3069 of.
1234 3006 1329 3070 Gese-

155 3117 247 3178 nium
270 3117 304 3177 in
328 3116 488 3199 encyclop.
514 3114 627 3179 Ersohi
657 3120 688 3179 et
712 3105 849 3178 Grub'eri
878 3135 901 3177 s.
925 3102 954 3178 b.
985 3112 1187 3197 „Carthago“)
1219 3114 1329 3177 eodem

247 3330 273 3398 1)
292 3329 411 3384 Marmor
426 3329 536 3383 Parium
555 3348 580 3383 v.
602 3330 636 3383 18
655 3346 693 3398 sq.
714 3330 811 3383 Athen.
831 3327 900 3382 XIV
918 3346 944 3396 p.
965 3328 1058 3381 6283.

246 3419 272 3481 2)
293 3418 400 3472 Primus
418 3419 620 3473 accuratissime
639 3419 708 3473 hanc
728 3418 935 3486 disputationem
954 3418 1074 3471 instituit
1091 3417 1199 3470 Movere
1217 3417 1244 3469 in
1263 3417 1330 3471 libro

156 3524 206 3561 suo
230 3509 335 3577 egregio
363 3508 421 3576 ,die
445 3508 596 3561 Phbnilrer“
622 3507 676 3561 vol.
700 3508 728 3574 13
754 3508 788 3560 de
811 3508 902 3560 nostro
928 3506 1004 3560 cultu
1028 3507 1062 3559 cf.
1081 3524 1106 3575 p.
1131 3506 1191 3559 233.
1219 3506 1272 3559 560
1291 3522 1329 3574 sq.
1353 3495 1357 3501 ⁹

155 3599 294 3666 praeterea
318 3598 531 3652 commemorabo
551 3597 648 3651 G—P.
662 3597 733 3651 Tielc
760 3597 915 3665 ,Eshmoun
933 3599 960 3650 et
978 3596 1017 3649 les
1037 3596 1161 3649 Cabires“
1182 3596 1211 3648 in
1231 3612 1330 3658 ,revue

156 3687 189 3740 de
207 3687 339 3741 l‘histoire
358 3688 405 3741 des
423 3688 565 3757 religions“
587 3704 610 3742 a.
630 3687 658 3741 H
676 3688 739 3740 tom.
759 3686 803 3740 ΙΠ
820 3704 846 3755 p.
867 3687 919 3740 197
939 3702 977 3755 sq.

245 3777 272 3847 3)
292 3775 562 3830 Mmllor-Wieseler
580 3776 735 3829 denkmtilar
754 3775 823 3829 alter
840 3776 923 3828 kunst
940 3775 976 3843 H,
995 3774 1061 3842 808,
1081 3790 1134 3842 quo
1153 3774 1211 3827 loco
1231 3774 1329 3843 Cybele

156 3868 278 3920 Astartae
297 3866 391 3920 similis
410 3867 437 3919 in
455 3866 531 3920 leone
544 3867 638 3920 sedens
658 3867 684 3919 et
702 3867 862 3934 tympanum
875 3864 1001 3918 attollens
1014 3864 1069 3918 sole
1082 3864 1200 3932 lunaque
1214 3865 1329 3918 circum·

157 3956 218 4009 olata
235 3955 406 4024 conspicitur.

243 4046 271 4113 4)
290 4045 407 4100 Macrob.
421 4051 470 4100 sat.
483 4045 505 4113 I,
525 4045 568 4112 23,
588 4045 630 4098 17.
667 4044 754 4097 Ersch
772 4045 800 4096 ct
819 4043 924 4096 Gruber
943 4042 1045 4110 encyol.
1059 4042 1102 4095 III
1120 4059 1145 4110 p.
1159 4042 1201 4108 24,
1220 4042 1274 4096 408
1289 4060 1328 4112 sq.

156 4134 268 4189 Nonnus
287 4134 397 4203 Dionys.
417 4134 490 4203 XLI,
510 4136 557 4201 223
576 4135 648 4202 apud
667 4132 804 4187 Socratem
821 4132 851 4185 in
868 4132 931 4186 hist.
952 4132 1017 4185 eccl.
1031 4132 1081 4199 HI,
1100 4130 1252 4201 relegitur
1270 4149 1328 4185 ora·

157 4224 261 4292 culum,
281 4225 352 4293 quod
371 4224 483 4278 Rhodiis
502 4225 596 4277 datum
615 4225 684 4292 erat,
703 4223 768 4276 hoc:

382 4308 468 4366 Ἄττιν
488 4308 651 4366 ἱλάσκεσθαι
669 4305 738 4364 θεὸν
755 4316 848 4383 μέγαν
867 4304 955 4380 ἁγνὸν
968 4304 1089 4372 Ἄδωνιν,

386 4396 486 4470 εὔβων,
506 4397 680 4473 ὀλβιὸὃωρον,
700 4396 880 4473 ἒυπλόκαμον
899 4395 1045 4453 Διόνυσον.

1152 4509 1166 4559 1
