3092 5000
662 349 697 357 -ν
744 335 785 371 :nl

268 491 501 573 Antiquissima
522 472 626 554 autom
647 491 748 570 tilulo,
765 512 829 573 quo
849 491 1060 554 taurobolium
1080 499 1353 568 commemoratur,

177 596 212 659 C.
229 597 251 659 I.
267 595 301 660 L.
319 596 365 679 X,
388 599 472 661 1096
493 598 621 661 ecitium
634 599 654 679 ¹)
678 598 894 661 taurobolium
914 598 1047 661 Veneris
1071 598 1230 661 Caelestae
1254 599 1299 679 (l)
1324 606 1354 660 ot

176 705 352 786 pamelium
377 704 416 767 ab
439 704 604 781 Herennia
628 703 800 768 Fortunata
823 706 955 788 imperio
966 708 988 785 2)
1015 706 1091 768 deae
1114 725 1170 788 per
1192 705 1234 767 Ti.
1260 703 1353 767 Clau-

178 812 269 874 dium
292 811 428 875 Felicem
452 812 646 877 sacerdotem
670 798 817 889 iteratum
849 831 890 875 ex
914 831 978 894 que
1002 812 1261 876 concludendum
1284 832 1354 874 esse

176 924 268 1000 puto,
302 939 376 983 eum
408 920 522 983 titulus
553 918 586 983 L.
611 919 694 983 Iulio
719 919 802 983 Urso
826 920 979 984 Serviane
1012 940 1073 984 ees.
1102 920 1151 983 III
1179 919 1260 984 Non.
1286 918 1352 983 Oct.

178 1026 257 1107 (134
276 1047 305 1110 p.
323 1026 406 1110 Chr.)
427 1033 577 1090 exaratus
601 1028 654 1107 sit,
678 1027 856 1091 taurobolia
879 1027 918 1090 ab
942 1028 1032 1090 initio
1052 1047 1118 1090 non
1143 1008 1236 1090 inodo
1259 1026 1353 1090 Matri

179 1131 325 1217 Magnae,
355 1134 410 1196 sed
439 1136 533 1197 etiam
557 1134 629 1197 aliis
651 1134 841 1198 numinibus
864 1135 948 1198 facta
971 1154 1053 1215 esse,
1076 1140 1145 1198 turn
1169 1154 1243 1197 vero
1270 1141 1354 1218 post-

179 1260 275 1322 quam
297 1242 457 1325 propriam
480 1248 670 1325 acceperunt
691 1241 826 1305 formam
850 1262 915 1305 non
939 1244 1002 1304 nisi
1025 1244 1060 1305 in
1085 1241 1195 1304 Matris
1219 1240 1354 1324 Magnae

178 1349 275 1410 saeris
305 1348 445 1412 adhibita
473 1368 557 1427 esse3
588 1369 694 1432 neque
725 1350 810 1413 enim
834 1352 1007 1432 quicquam
1031 1350 1148 1430 obstat,
1180 1350 1353 1432 quominus

178 1459 303 1517 tantum
326 1457 502 1538 cogitemus
528 1456 567 1520 de
590 1456 744 1520 sacrificio
768 1457 858 1519 nullo
883 1457 1070 1541 baptismate
1093 1457 1224 1520 adiecto.

268 1562 363 1626 Nunc
387 1566 553 1627 veniamus
577 1565 617 1627 ad
640 1565 768 1628 titulum
794 1563 1044 1649 Lugdunensem
1067 1565 1179 1644 (Boiss.
1205 1565 1298 1626 inser.
1325 1565 1353 1626 d.

182 1668 212 1733 L.
227 1690 256 1753 p.
273 1673 336 1752 24),
360 1691 456 1754 quem
481 1674 538 1736 etsi
562 1673 656 1735 multi
678 1674 739 1735 viri
763 1673 847 1736 docti
870 1675 933 1736 iam
956 1674 1060 1756 priua,
1085 1673 1223 1755 denique
1245 1673 1274 1733 is
1298 1672 1353 1753 qui

179 1777 278 1839 edidit
299 1779 522 1861 inscriptiones
541 1778 692 1862 Lugduni
712 1781 949 1843 accuratissime
973 1780 1133 1864 explicare
1152 1779 1354 1858 studuerunt,

180 1893 285 1947 tauron
321 1886 392 1948 illos
429 1893 511 1949 recte
546 1906 619 1950 euni
653 1889 873 1971 interpretatos
904 1905 974 1951 esse
1003 1907 1092 1971 nego.
1145 1906 1217 1950 arae
1247 1892 1353 1948 autem

180 1994 339 2076 insculpta
358 1999 433 2057 sunt
451 1994 543 2058 haec:
569 1996 613 2073 (in
633 1995 782 2057 columna
799 1994 916 2076 media)
935 1995 1112 2058 taurobolio
1129 1994 1239 2057 Matris
1259 1993 1353 2055 deum

180 2100 314 2184 Magnae
344 2101 472 2184 Idaeae,
505 2102 591 2185 quod
621 2102 738 2165 factum
770 2110 818 2165 est
848 2122 888 2166 ex
917 2104 1085 2187 imperi02)
1120 2101 1229 2165 Matris
1263 2101 1354 2163 divae

180 2207 274 2271 deum
297 2229 354 2292 pro
379 2209 480 2272 salute
503 2210 703 2292 imperatoris
723 2208 865 2272 Caesaris
883 2209 915 2272 T.
932 2211 1003 2272 Aeli
1021 2209 1178 2272 Hadriani
1197 2207 1354 2270 Antonini

179 2315 262 2398 Aug.
287 2315 337 2378 Pii
360 2316 464 2379 Patris
494 2316 619 2379 Patriae
648 2316 886 2399 liberorumque
917 2317 986 2379 eius
1019 2325 1050 2380 et
1082 2323 1183 2379 status
1213 2315 1354 2377 coloniae

179 2421 428 2507 Lugudunensis
458 2422 492 2486 L.
516 2424 674 2486 Aemilius
698 2422 820 2507 Carpus
846 2420 895 2492 lffll
921 2425 978 2487 vir.
1003 2426 1087 2508 Aug.
1113 2425 1189 2486 item
1220 2421 1354 2485 dendro-

177 2530 298 2613 phorus
322 2531 481 2614 (sequitur
503 2531 712 2610 bueranium).
736 2533 821 2595 vires
844 2533 969 2615 excepit
993 2539 1023 2594 et
1042 2531 1230 2595 aVaticano
1254 2536 1354 2591 trans-

178 2638 252 2700 tulit
275 2637 387 2722 ara[m]
412 2646 443 2703 et
465 2639 655 2702 burranium
680 2659 737 2703 sue
761 2639 914 2722 inpendio
938 2640 1136 2702 consecravit
1144 2638 1168 2720 3)
1193 2636 1355 2700 sacerdote

179 2743 215 2820 Q.
242 2745 380 2810 Sammie
412 2747 560 2811 Secundo
584 2746 623 2809 ab
648 2746 713 2809 XV
737 2748 815 2809 viris
846 2747 961 2810 occabo
992 2752 1023 2810 et
1052 2764 1169 2809 corona
1193 2751 1354 2824 exornate,

179 2854 233 2914 cui
264 2855 482 2917 sanctissimus
516 2854 593 2917 ordo
632 2852 879 2936 Lugudunensis
916 2855 1158 2936 perpetuitatem
1199 2851 1355 2914 sacerdoti

180 2959 320 3024 decrevit
343 2963 447 3045 Appio
472 2962 579 3024 Annio
603 2962 703 3024 Atilio
726 2961 855 3024 Bradua
884 2960 916 3024 T.
937 2959 1047 3023 Clodio
1066 2959 1163 3022 Vibio
1182 2957 1268 3022 Varo
1292 2979 1354 3022 cos.

179 3066 417 3150 (tetracha).
464 3067 497 3131 L.
519 3068 645 3133 ddd.

179 3174 226 3256 (in
249 3175 398 3239 columna
421 3175 576 3240 dexteral:
602 3177 695 3252 euius
714 3176 947 3255 mesonyctium
966 3175 1083 3237 factum
1108 3182 1156 3238 est
1172 3174 1202 3234 V
1216 3174 1261 3239 Id.
1279 3173 1353 3237 Dec.

180 3282 214 3343 in
246 3285 348 3366 prima
381 3288 486 3346 autem
519 3288 609 3366 parte
641 3283 721 3345 nihil
755 3289 815 3363 est,
855 3282 941 3365 quod
973 3282 1102 3365 praebet
1134 3281 1353 3358 difficultates,

180 3392 344 3473 quaeritur
366 3391 598 3472 tantummodo,
624 3391 783 3474 quomodo
807 3391 1022 3473 intellegenda
1045 3392 1110 3453 sint
1133 3389 1244 3453 verba:
1270 3390 1355 3452 vires

269 3570 297 3636 1)
316 3568 390 3621 Haec
409 3584 463 3621 vox
482 3568 546 3637 quid
572 3567 623 3621 sibi
645 3567 710 3620 velit
734 3567 839 3637 ignore,
863 3565 1006 3619 iablonskii
1032 3568 1123 3618 autem
1147 3565 1289 3631 sententia,
1309 3565 1353 3633 qui

182 3661 271 3711 censet
291 3658 399 3712 coitium
419 3673 477 3711 esse
496 3658 626 3726 scriptum
645 3673 692 3726 pro
712 3656 888 3727 Aegyptium,
908 3655 974 3707 mihi
994 3672 1046 3708 000
1064 3655 1200 3722 probatur.

268 3748 295 3818 ⁶2)
315 3748 473 3801 Taurobolia
491 3748 562 3801 facta
581 3750 645 3800 sunt
663 3764 697 3800 ex
715 3746 826 3815 imperio
846 3745 951 3814 Herzog
974 3744 1004 3797 G.
1025 3743 1117 3826 Narb,
1129 3761 1155 3795 n.
1176 3744 1200 3810 7,
1226 3760 1260 3796 ex
1279 3744 1356 3796 iussu

180 3836 240 3906 epla.
255 3842 337 3906 epigr.
351 3837 401 3904 ΙΠ1
422 3838 464 3904 15,
484 3854 518 3889 ex
537 3839 598 3890 voto
610 3836 694 3890 Boiss.
708 3854 734 3904 p.
748 3836 791 3889 33.
811 3835 855 3888 36.
874 3834 980 3904 Herzog
997 3851 1022 3886 0.
1036 3834 1097 3899 401,
1117 3850 1152 3886 ex
1170 3833 1355 3887 vaticinatione

181 3926 318 3996 archigalli
337 3926 423 3980 Boiss.
437 3944 463 3994 p.
476 3926 519 3981 28.
539 3926 581 3980 31.
601 3926 628 3979 O.
643 3926 663 3982 Ι.
677 3925 707 3979 L.
721 3925 797 3990 VIII,
816 3924 895 3978 8203.
914 3924 991 3978 iussu
1010 3924 1037 3977 C.
1052 3924 1072 3979 1.
1086 3923 1116 3976 L.
1130 3923 1179 3989 IX,
1200 3922 1277 3975 1038.

269 4017 296 4085 3)
316 4017 433 4086 Carpum
456 4033 509 4070 000
535 4015 693 4069 bueranium
719 4032 753 4069 ex
771 4015 902 4068 Vaticano
926 4013 1107 4080 transtulisse,
1134 4014 1273 4065 sederam
1293 4030 1354 4066 eum

181 4106 306 4160 bueranio
325 4106 466 4175 exsculpto
486 4122 656 4160 consecrasse
674 4106 727 4158 iam
746 4105 814 4159 bene
833 4105 969 4173 perspexit
987 4103 1075 4156 Kautz
1094 4103 1112 4155 l.
1125 4102 1142 4154 l.
1163 4120 1187 4170 p.
1201 4103 1249 4167 463
1275 4105 1355 4170 atque

181 4199 252 4251 recte
271 4196 416 4250 coniecisse
429 4197 537 4249 videtur
548 4195 645 4249 Kaibel
658 4191 742 4264 epigri
754 4211 793 4264 gr.
807 4194 860 4247 823
874 4193 1049 4260 (000111,
1064 4192 1125 4258 172)
1140 4185 1173 4242 τὰ
1187 4186 1354 4262 συνθήματα

180 4285 208 4338 in
226 4287 277 4341 hec
295 4286 374 4340 titulo
393 4286 496 4339 taurob.
515 4286 673 4348 Atheniensi
691 4301 777 4353 aeque
796 4288 877 4352 atque
896 4283 923 4335 in
942 4282 1025 4335 altero
1044 4282 1072 4336 C.
1092 4282 1114 4335 Ι.
1134 4284 1165 4334 A.
1179 4281 1233 4348 III,
1255 4280 1306 4333 173
1325 4274 1355 4331 rb

182 4371 313 4449 0000οι00
333 4375 482 4446 significare
500 4375 636 4428 bueranIa.
