<?xml version="1.0" encoding="UTF-8"?>
<!DOCTYPE html PUBLIC "-//W3C//DTD XHTML 1.0 Transitional//EN"
    "http://www.w3.org/TR/xhtml1/DTD/xhtml1-transitional.dtd">
<html xmlns="http://www.w3.org/1999/xhtml" xml:lang="en" lang="en">
 <head>
  <title>
</title>
<meta http-equiv="Content-Type" content="text/html;charset=utf-8" />
  <meta name='ocr-system' content='tesseract 3.04.00' />
  <meta name='ocr-capabilities' content='ocr_page ocr_carea ocr_par ocr_line ocrx_word'/>
</head>
<body>
  <div class='ocr_page' id='page_1' title='image "./dematrismagnaea00goehgoog_0059.png"; bbox 0 0 3092 5000; ppageno 0'>
   <div class='ocr_carea' id='block_1_1' title="bbox 655 309 865 367">
    <p class='ocr_par' dir='ltr' id='par_1_1' title="bbox 655 309 865 367">
     <span class='ocr_line' id='line_1_1' title="bbox 655 309 865 367; baseline 0.014 -3"><span class='ocrx_word' id='word_1_1' title='bbox 655 309 865 367; x_wconf 73' lang='lat' dir='ltr'>-bss-</span> 
     </span>
    </p>
   </div>
   <div class='ocr_carea' id='block_1_2' title="bbox 169 484 1348 2069">
    <p class='ocr_par' dir='ltr' id='par_1_2' title="bbox 171 484 1348 997">
     <span class='ocr_line' id='line_1_2' title="bbox 173 484 1348 567; baseline 0 -21"><span class='ocrx_word' id='word_1_2' title='bbox 173 504 286 546; x_wconf 89' lang='lat' dir='ltr'>norum</span> <span class='ocrx_word' id='word_1_3' title='bbox 311 490 490 567; x_wconf 88' lang='lat' dir='ltr'>contempto</span> <span class='ocrx_word' id='word_1_4' title='bbox 514 485 617 547; x_wconf 87' lang='lat' dir='ltr'>simile</span> <span class='ocrx_word' id='word_1_5' title='bbox 641 484 719 566; x_wconf 88' lang='lat' dir='ltr'>quid</span> <span class='ocrx_word' id='word_1_6' title='bbox 738 485 934 563; x_wconf 77' lang='lat' dir='ltr'>invenerint,</span> <span class='ocrx_word' id='word_1_7' title='bbox 959 490 994 546; x_wconf 90' lang='lat' dir='ltr'>ut</span> <span class='ocrx_word' id='word_1_8' title='bbox 1012 491 1121 546; x_wconf 85' lang='lat' dir='ltr'>contra</span> <span class='ocrx_word' id='word_1_9' title='bbox 1145 503 1200 546; x_wconf 89' lang='lat' dir='ltr'>eos</span> <span class='ocrx_word' id='word_1_10' title='bbox 1219 503 1348 566; x_wconf 90' lang='lat' dir='ltr'>quoque</span> 
     </span>
     <span class='ocr_line' id='line_1_3' title="bbox 172 590 1347 674; baseline -0.002 -21"><span class='ocrx_word' id='word_1_11' title='bbox 172 593 227 654; x_wconf 90' lang='lat' dir='ltr'>illa</span> <span class='ocrx_word' id='word_1_12' title='bbox 251 597 363 673; x_wconf 78' lang='lat' dir='ltr'>aetate⁷</span> <span class='ocrx_word' id='word_1_13' title='bbox 394 611 458 674; x_wconf 88' lang='lat' dir='ltr'>qua</span> <span class='ocrx_word' id='word_1_14' title='bbox 481 610 624 654; x_wconf 86' lang='lat' dir='ltr'>summae</span> <span class='ocrx_word' id='word_1_15' title='bbox 648 592 798 654; x_wconf 78' lang='lat' dir='ltr'>libidines</span> <span class='ocrx_word' id='word_1_16' title='bbox 827 611 1035 673; x_wconf 81' lang='lat' dir='ltr'>summaeque</span> <span class='ocrx_word' id='word_1_17' title='bbox 1062 592 1231 674; x_wconf 81' lang='lat' dir='ltr'>religiones</span> <span class='ocrx_word' id='word_1_18' title='bbox 1254 590 1347 652; x_wconf 82' lang='lat' dir='ltr'>nobis</span> 
     </span>
     <span class='ocr_line' id='line_1_4' title="bbox 172 698 1347 780; baseline -0.001 -19"><span class='ocrx_word' id='word_1_19' title='bbox 172 705 344 762; x_wconf 82' lang='lat' dir='ltr'>ocemrunt</span> <span class='ocrx_word' id='word_1_20' title='bbox 367 705 463 780; x_wconf 89' lang='lat' dir='ltr'>atque</span> <span class='ocrx_word' id='word_1_21' title='bbox 486 700 632 762; x_wconf 91' lang='lat' dir='ltr'>homiues</span> <span class='ocrx_word' id='word_1_22' title='bbox 655 699 750 762; x_wconf 90' lang='lat' dir='ltr'>rebus</span> <span class='ocrx_word' id='word_1_23' title='bbox 775 700 919 778; x_wconf 79' lang='lat' dir='ltr'>mysticis</span> <span class='ocrx_word' id='word_1_24' title='bbox 942 698 1035 761; x_wconf 87' lang='lat' dir='ltr'>valde</span> <span class='ocrx_word' id='word_1_25' title='bbox 1058 698 1241 778; x_wconf 75' lang='lat' dir='ltr'>studebant,</span> <span class='ocrx_word' id='word_1_26' title='bbox 1266 698 1347 760; x_wconf 89' lang='lat' dir='ltr'>desi-</span> 
     </span>
     <span class='ocr_line' id='line_1_5' title="bbox 172 806 1347 888; baseline -0.001 -19"><span class='ocrx_word' id='word_1_27' title='bbox 172 807 299 870; x_wconf 88' lang='lat' dir='ltr'>derasse</span> <span class='ocrx_word' id='word_1_28' title='bbox 328 825 472 869; x_wconf 83' lang='lat' dir='ltr'>censeam</span> <span class='ocrx_word' id='word_1_29' title='bbox 506 806 642 888; x_wconf 64' lang='lat' dir='ltr'>aliquid,</span> <span class='ocrx_word' id='word_1_30' title='bbox 676 825 740 887; x_wconf 94' lang='lat' dir='ltr'>quo</span> <span class='ocrx_word' id='word_1_31' title='bbox 773 825 892 868; x_wconf 91' lang='lat' dir='ltr'>novum</span> <span class='ocrx_word' id='word_1_32' title='bbox 928 806 1020 886; x_wconf 89' lang='lat' dir='ltr'>quasi</span> <span class='ocrx_word' id='word_1_33' title='bbox 1051 806 1200 868; x_wconf 82' lang='lat' dir='ltr'>existeret</span> <span class='ocrx_word' id='word_1_34' title='bbox 1232 825 1347 886; x_wconf 87' lang='lat' dir='ltr'>corpus</span> 
     </span>
     <span class='ocr_line' id='line_1_6' title="bbox 171 912 603 997; baseline -0.002 -22"><span class='ocrx_word' id='word_1_35' title='bbox 171 915 297 997; x_wconf 88' lang='lat' dir='ltr'>ipsique</span> <span class='ocrx_word' id='word_1_36' title='bbox 320 918 569 976; x_wconf 88' lang='lat' dir='ltr'>renascerentur.</span> <span class='ocrx_word' id='word_1_37' title='bbox 579 912 603 994; x_wconf 77' lang='lat'>1)</span> 
     </span>
    </p>

    <p class='ocr_par' dir='ltr' id='par_1_3' title="bbox 169 1019 1347 2069">
     <span class='ocr_line' id='line_1_7' title="bbox 259 1019 1347 1101; baseline -0.002 -17"><span class='ocrx_word' id='word_1_38' title='bbox 259 1021 335 1085; x_wconf 89' lang='lat' dir='ltr'>Tres</span> <span class='ocrx_word' id='word_1_39' title='bbox 366 1027 471 1084; x_wconf 88' lang='lat' dir='ltr'>autem</span> <span class='ocrx_word' id='word_1_40' title='bbox 500 1023 650 1083; x_wconf 87' lang='lat' dir='ltr'>novimus</span> <span class='ocrx_word' id='word_1_41' title='bbox 679 1026 775 1083; x_wconf 89' lang='lat' dir='ltr'>testes</span> <span class='ocrx_word' id='word_1_42' title='bbox 806 1039 967 1083; x_wconf 84' lang='lat' dir='ltr'>sacrorum</span> <span class='ocrx_word' id='word_1_43' title='bbox 998 1019 1180 1099; x_wconf 76' lang='lat' dir='ltr'>taurobolii,</span> <span class='ocrx_word' id='word_1_44' title='bbox 1209 1039 1347 1101; x_wconf 88' lang='lat' dir='ltr'>quorum</span> 
     </span>
     <span class='ocr_line' id='line_1_8' title="bbox 171 1126 1346 1211; baseline 0 -23"><span class='ocrx_word' id='word_1_45' title='bbox 171 1129 268 1191; x_wconf 85' lang='lat' dir='ltr'>verba</span> <span class='ocrx_word' id='word_1_46' title='bbox 286 1148 436 1211; x_wconf 85' lang='lat' dir='ltr'>expressa</span> <span class='ocrx_word' id='word_1_47' title='bbox 459 1128 570 1190; x_wconf 84' lang='lat' dir='ltr'>afferre</span> <span class='ocrx_word' id='word_1_48' title='bbox 588 1127 666 1189; x_wconf 89' lang='lat' dir='ltr'>mihi</span> <span class='ocrx_word' id='word_1_49' title='bbox 687 1148 766 1210; x_wconf 91' lang='lat' dir='ltr'>opus</span> <span class='ocrx_word' id='word_1_50' title='bbox 791 1146 859 1189; x_wconf 85' lang='lat' dir='ltr'>esse</span> <span class='ocrx_word' id='word_1_51' title='bbox 880 1127 1013 1189; x_wconf 88' lang='lat' dir='ltr'>videtur.</span> <span class='ocrx_word' id='word_1_52' title='bbox 1044 1148 1080 1189; x_wconf 88' lang='lat' dir='ltr'>ac</span> <span class='ocrx_word' id='word_1_53' title='bbox 1098 1126 1255 1189; x_wconf 86' lang='lat' dir='ltr'>Firmicus</span> <span class='ocrx_word' id='word_1_54' title='bbox 1276 1127 1346 1209; x_wconf 92' lang='lat' dir='ltr'>qui·</span> 
     </span>
     <span class='ocr_line' id='line_1_9' title="bbox 171 1214 1344 1323; baseline -0.001 -26"><span class='ocrx_word' id='word_1_55' title='bbox 171 1236 243 1299; x_wconf 91' lang='lat' dir='ltr'>dem</span> <span class='ocrx_word' id='word_1_56' title='bbox 266 1235 429 1299; x_wconf 87' lang='lat' dir='ltr'>Maternus</span> <span class='ocrx_word' id='word_1_57' title='bbox 454 1237 531 1298; x_wconf 87' lang='lat' dir='ltr'>haec</span> <span class='ocrx_word' id='word_1_58' title='bbox 555 1214 632 1296; x_wconf 85' lang='lat' dir='ltr'>dicit</span> <span class='ocrx_word' id='word_1_59' title='bbox 651 1235 703 1316; x_wconf 91' lang='lat' dir='ltr'>(de</span> <span class='ocrx_word' id='word_1_60' title='bbox 723 1252 780 1297; x_wconf 90' lang='lat' dir='ltr'>err.</span> <span class='ocrx_word' id='word_1_61' title='bbox 801 1254 845 1316; x_wconf 88' lang='lat' dir='ltr'>pr.</span> <span class='ocrx_word' id='word_1_62' title='bbox 863 1234 987 1323; x_wconf 49' lang='grc' dir='ltr'><strong>101Ἷῖ7,</strong></span> <span class='ocrx_word' id='word_1_63' title='bbox 1007 1236 1052 1312; x_wconf 83' lang='grc'>8);</span> <span class='ocrx_word' id='word_1_64' title='bbox 1077 1235 1236 1297; x_wconf 89' lang='lat' dir='ltr'>neminem</span> <span class='ocrx_word' id='word_1_65' title='bbox 1261 1235 1344 1316; x_wconf 86' lang='lat' dir='ltr'>apud</span> 
     </span>
     <span class='ocr_line' id='line_1_10' title="bbox 169 1342 1345 1426; baseline 0.001 -23"><span class='ocrx_word' id='word_1_66' title='bbox 169 1343 256 1404; x_wconf 90' lang='lat' dir='ltr'>idola</span> <span class='ocrx_word' id='word_1_67' title='bbox 277 1343 428 1426; x_wconf 88' lang='lat' dir='ltr'>profusus</span> <span class='ocrx_word' id='word_1_68' title='bbox 455 1344 586 1424; x_wconf 89' lang='lat' dir='ltr'>sanguis</span> <span class='ocrx_word' id='word_1_69' title='bbox 616 1342 740 1406; x_wconf 72' lang='lat' dir='ltr'>iuverit.</span> <span class='ocrx_word' id='word_1_70' title='bbox 775 1350 805 1403; x_wconf 90' lang='lat' dir='ltr'>et</span> <span class='ocrx_word' id='word_1_71' title='bbox 833 1362 874 1404; x_wconf 90' lang='lat' dir='ltr'>ne</span> <span class='ocrx_word' id='word_1_72' title='bbox 901 1361 995 1404; x_wconf 88' lang='lat' dir='ltr'>cruor</span> <span class='ocrx_word' id='word_1_73' title='bbox 1022 1343 1181 1425; x_wconf 77' lang='lat' dir='ltr'>pecudum</span> <span class='ocrx_word' id='word_1_74' title='bbox 1212 1343 1345 1404; x_wconf 89' lang='lat' dir='ltr'>miseros</span> 
     </span>
     <span class='ocr_line' id='line_1_11' title="bbox 169 1448 1344 1531; baseline -0.001 -20"><span class='ocrx_word' id='word_1_75' title='bbox 169 1450 314 1512; x_wconf 89' lang='lat' dir='ltr'>homines</span> <span class='ocrx_word' id='word_1_76' title='bbox 338 1457 393 1512; x_wconf 93' lang='lat' dir='ltr'>aut</span> <span class='ocrx_word' id='word_1_77' title='bbox 412 1449 548 1531; x_wconf 89' lang='lat' dir='ltr'>decipiat</span> <span class='ocrx_word' id='word_1_78' title='bbox 567 1455 622 1510; x_wconf 90' lang='lat' dir='ltr'>aut</span> <span class='ocrx_word' id='word_1_79' title='bbox 644 1449 768 1531; x_wconf 85' lang='lat' dir='ltr'>perdat,</span> <span class='ocrx_word' id='word_1_80' title='bbox 791 1448 906 1530; x_wconf 91' lang='lat' dir='ltr'>polluit</span> <span class='ocrx_word' id='word_1_81' title='bbox 929 1450 1061 1531; x_wconf 87' lang='lat' dir='ltr'>sanguis</span> <span class='ocrx_word' id='word_1_82' title='bbox 1084 1450 1156 1529; x_wconf 80' lang='lat' dir='ltr'>iste,</span> <span class='ocrx_word' id='word_1_83' title='bbox 1181 1469 1245 1512; x_wconf 93' lang='lat' dir='ltr'>non</span> <span class='ocrx_word' id='word_1_84' title='bbox 1263 1448 1344 1511; x_wconf 89' lang='lat' dir='ltr'>redi-</span> 
     </span>
     <span class='ocr_line' id='line_1_12' title="bbox 169 1557 1345 1639; baseline 0 -22"><span class='ocrx_word' id='word_1_85' title='bbox 169 1557 228 1618; x_wconf 89' lang='lat' dir='ltr'>mit</span> <span class='ocrx_word' id='word_1_86' title='bbox 251 1562 282 1619; x_wconf 91' lang='lat' dir='ltr'>et</span> <span class='ocrx_word' id='word_1_87' title='bbox 304 1577 362 1639; x_wconf 90' lang='lat' dir='ltr'>par</span> <span class='ocrx_word' id='word_1_88' title='bbox 380 1558 485 1618; x_wconf 84' lang='lat' dir='ltr'>varios</span> <span class='ocrx_word' id='word_1_89' title='bbox 504 1576 597 1618; x_wconf 89' lang='lat' dir='ltr'>casus</span> <span class='ocrx_word' id='word_1_90' title='bbox 616 1557 760 1618; x_wconf 87' lang='lat' dir='ltr'>homines</span> <span class='ocrx_word' id='word_1_91' title='bbox 784 1558 899 1638; x_wconf 83' lang='lat' dir='ltr'>premit</span> <span class='ocrx_word' id='word_1_92' title='bbox 917 1558 952 1618; x_wconf 88' lang='lat' dir='ltr'>in</span> <span class='ocrx_word' id='word_1_93' title='bbox 970 1562 1112 1620; x_wconf 84' lang='lat' dir='ltr'>mortem.</span> <span class='ocrx_word' id='word_1_94' title='bbox 1143 1557 1250 1618; x_wconf 89' lang='lat' dir='ltr'>miseri</span> <span class='ocrx_word' id='word_1_95' title='bbox 1270 1560 1345 1617; x_wconf 90' lang='lat' dir='ltr'>sunt</span> 
     </span>
     <span class='ocr_line' id='line_1_13' title="bbox 170 1661 1343 1746; baseline 0 -21"><span class='ocrx_word' id='word_1_96' title='bbox 170 1664 226 1745; x_wconf 92' lang='lat' dir='ltr'>qui</span> <span class='ocrx_word' id='word_1_97' title='bbox 249 1663 433 1746; x_wconf 84' lang='lat' dir='ltr'>profusione</span> <span class='ocrx_word' id='word_1_98' title='bbox 457 1663 603 1744; x_wconf 79' lang='lat' dir='ltr'>sacrilegi</span> <span class='ocrx_word' id='word_1_99' title='bbox 627 1664 792 1745; x_wconf 87' lang='lat' dir='ltr'>sanguinis</span> <span class='ocrx_word' id='word_1_100' title='bbox 817 1668 1032 1725; x_wconf 73' lang='lat' dir='ltr'>cruentantur.</span> <span class='ocrx_word' id='word_1_101' title='bbox 1064 1661 1268 1725; x_wconf 88' lang='lat' dir='ltr'>tauribolium</span> <span class='ocrx_word' id='word_1_102' title='bbox 1294 1663 1343 1725; x_wconf 81' lang='lat' dir='ltr'>vel</span> 
     </span>
     <span class='ocr_line' id='line_1_14' title="bbox 169 1769 1343 1852; baseline 0.001 -21"><span class='ocrx_word' id='word_1_103' title='bbox 169 1770 357 1832; x_wconf 83' lang='lat' dir='ltr'>criobolium</span> <span class='ocrx_word' id='word_1_104' title='bbox 391 1771 542 1833; x_wconf 85' lang='lat' dir='ltr'>scelerata</span> <span class='ocrx_word' id='word_1_105' title='bbox 574 1776 605 1832; x_wconf 91' lang='lat' dir='ltr'>te</span> <span class='ocrx_word' id='word_1_106' title='bbox 638 1770 806 1852; x_wconf 85' lang='lat' dir='ltr'>sanguinis</span> <span class='ocrx_word' id='word_1_107' title='bbox 838 1770 908 1832; x_wconf 90' lang='lat' dir='ltr'>labe</span> <span class='ocrx_word' id='word_1_108' title='bbox 940 1769 1111 1852; x_wconf 83' lang='lat' dir='ltr'>perfundit.</span> <span class='ocrx_word' id='word_1_109' title='bbox 1167 1776 1236 1832; x_wconf 88' lang='lat' dir='ltr'>tum</span> <span class='ocrx_word' id='word_1_110' title='bbox 1268 1789 1343 1832; x_wconf 87' lang='lat' dir='ltr'>vero</span> 
     </span>
     <span class='ocr_line' id='line_1_15' title="bbox 169 1876 1343 1940; baseline -0.002 0"><span class='ocrx_word' id='word_1_111' title='bbox 169 1876 364 1940; x_wconf 89' lang='lat' dir='ltr'>Prudentius</span> <span class='ocrx_word' id='word_1_112' title='bbox 394 1878 631 1940; x_wconf 79' lang='lat' dir='ltr'>accuratissime</span> <span class='ocrx_word' id='word_1_113' title='bbox 660 1896 718 1939; x_wconf 91' lang='lat' dir='ltr'>nos</span> <span class='ocrx_word' id='word_1_114' title='bbox 747 1877 787 1939; x_wconf 92' lang='lat' dir='ltr'>de</span> <span class='ocrx_word' id='word_1_115' title='bbox 818 1878 927 1939; x_wconf 82' lang='lat' dir='ltr'>sacris·</span> <span class='ocrx_word' id='word_1_116' title='bbox 943 1877 1005 1939; x_wconf 89' lang='lat' dir='ltr'>illis</span> <span class='ocrx_word' id='word_1_117' title='bbox 1036 1879 1183 1940; x_wconf 87' lang='lat' dir='ltr'>certiores</span> <span class='ocrx_word' id='word_1_118' title='bbox 1213 1877 1287 1940; x_wconf 87' lang='lat' dir='ltr'>fecit</span> <span class='ocrx_word' id='word_1_119' title='bbox 1309 1878 1343 1938; x_wconf 92' lang='lat' dir='ltr'>in</span> 
     </span>
     <span class='ocr_line' id='line_1_16' title="bbox 169 1982 1181 2069; baseline 0 -24"><span class='ocrx_word' id='word_1_120' title='bbox 169 1984 308 2064; x_wconf 75' lang='lat' dir='ltr'>„hymno</span> <span class='ocrx_word' id='word_1_121' title='bbox 333 1985 371 2047; x_wconf 93' lang='lat' dir='ltr'>de</span> <span class='ocrx_word' id='word_1_122' title='bbox 395 1990 535 2064; x_wconf 88' lang='lat' dir='ltr'>martyre</span> <span class='ocrx_word' id='word_1_123' title='bbox 559 1982 720 2046; x_wconf 68' lang='lat' dir='ltr'>Romano“</span> <span class='ocrx_word' id='word_1_124' title='bbox 745 1989 792 2064; x_wconf 75' lang='lat' dir='ltr'>(rc.</span> <span class='ocrx_word' id='word_1_125' title='bbox 814 2005 904 2069; x_wconf 67' lang='lat' dir='ltr'>orep.</span> <span class='ocrx_word' id='word_1_126' title='bbox 924 1982 971 2064; x_wconf 75' lang='lat' dir='ltr'>X,</span> <span class='ocrx_word' id='word_1_127' title='bbox 999 1986 1080 2048; x_wconf 85' lang='lat'>1011</span> <span class='ocrx_word' id='word_1_128' title='bbox 1107 1985 1181 2067; x_wconf 87' lang='lat' dir='ltr'>sq.):</span> 
     </span>
    </p>
   </div>
   <div class='ocr_carea' id='block_1_3' title="bbox 349 2145 1160 2660">
    <p class='ocr_par' dir='ltr' id='par_1_4' title="bbox 349 2145 1160 2660">
     <span class='ocr_line' id='line_1_17' title="bbox 351 2145 1160 2228; baseline 0.004 -22"><span class='ocrx_word' id='word_1_129' title='bbox 351 2165 495 2208; x_wconf 87' lang='lat' dir='ltr'>summus</span> <span class='ocrx_word' id='word_1_130' title='bbox 519 2145 666 2208; x_wconf 72' lang='lat' dir='ltr'>sacerdos</span> <span class='ocrx_word' id='word_1_131' title='bbox 689 2165 803 2228; x_wconf 89' lang='lat' dir='ltr'>nempe</span> <span class='ocrx_word' id='word_1_132' title='bbox 827 2145 886 2209; x_wconf 91' lang='lat' dir='ltr'>sub</span> <span class='ocrx_word' id='word_1_133' title='bbox 911 2153 1026 2209; x_wconf 86' lang='lat' dir='ltr'>terram</span> <span class='ocrx_word' id='word_1_134' title='bbox 1051 2147 1160 2209; x_wconf 85' lang='lat' dir='ltr'>scrobe</span> 
     </span>
     <span class='ocr_line' id='line_1_18' title="bbox 351 2253 1137 2337; baseline 0.001 -22"><span class='ocrx_word' id='word_1_135' title='bbox 351 2259 419 2315; x_wconf 85' lang='lat' dir='ltr'>acta</span> <span class='ocrx_word' id='word_1_136' title='bbox 442 2253 475 2314; x_wconf 92' lang='lat' dir='ltr'>in</span> <span class='ocrx_word' id='word_1_137' title='bbox 498 2253 693 2335; x_wconf 83' lang='lat' dir='ltr'>profundum</span> <span class='ocrx_word' id='word_1_138' title='bbox 718 2254 952 2316; x_wconf 84' lang='lat' dir='ltr'>consecrandus</span> <span class='ocrx_word' id='word_1_139' title='bbox 975 2256 1137 2337; x_wconf 70' lang='lat' dir='ltr'>mergitur,</span> 
     </span>
     <span class='ocr_line' id='line_1_19' title="bbox 349 2360 995 2443; baseline 0.003 -22"><span class='ocrx_word' id='word_1_140' title='bbox 349 2361 429 2422; x_wconf 90' lang='lat' dir='ltr'>mire</span> <span class='ocrx_word' id='word_1_141' title='bbox 452 2360 619 2439; x_wconf 69' lang='lat' dir='ltr'>infulatus,</span> <span class='ocrx_word' id='word_1_142' title='bbox 641 2360 721 2423; x_wconf 85' lang='lat' dir='ltr'>feste</span> <span class='ocrx_word' id='word_1_143' title='bbox 744 2362 830 2422; x_wconf 86' lang='lat' dir='ltr'>vittis</span> <span class='ocrx_word' id='word_1_144' title='bbox 854 2368 995 2443; x_wconf 86' lang='lat' dir='ltr'>tempora</span> 
     </span>
     <span class='ocr_line' id='line_1_20' title="bbox 349 2473 1013 2550; baseline 0.005 -21"><span class='ocrx_word' id='word_1_145' title='bbox 349 2473 493 2548; x_wconf 76' lang='lat' dir='ltr'>nectens,</span> <span class='ocrx_word' id='word_1_146' title='bbox 517 2474 724 2531; x_wconf 85' lang='lat' dir='ltr'>coronatum</span> <span class='ocrx_word' id='word_1_147' title='bbox 748 2487 886 2550; x_wconf 88' lang='lat' dir='ltr'>repexus</span> <span class='ocrx_word' id='word_1_148' title='bbox 910 2488 1013 2549; x_wconf 69' lang='lat' dir='ltr'>aurea,</span> 
     </span>
     <span class='ocr_line' id='line_1_21' title="bbox 349 2575 1014 2660; baseline 0.006 -24"><span class='ocrx_word' id='word_1_149' title='bbox 349 2576 456 2638; x_wconf 88' lang='lat' dir='ltr'>cinctu</span> <span class='ocrx_word' id='word_1_150' title='bbox 479 2575 596 2658; x_wconf 88' lang='lat' dir='ltr'>gabino</span> <span class='ocrx_word' id='word_1_151' title='bbox 620 2577 752 2638; x_wconf 87' lang='lat' dir='ltr'>sericam</span> <span class='ocrx_word' id='word_1_152' title='bbox 776 2577 876 2639; x_wconf 86' lang='lat' dir='ltr'>fultus</span> <span class='ocrx_word' id='word_1_153' title='bbox 900 2583 1014 2660; x_wconf 83' lang='lat' dir='ltr'>togam.</span> 
     </span>
    </p>
   </div>
   <div class='ocr_carea' id='block_1_4' title="bbox 345 2753 1041 3265">
    <p class='ocr_par' dir='ltr' id='par_1_5' title="bbox 345 2753 1041 3265">
     <span class='ocr_line' id='line_1_22' title="bbox 349 2753 1030 2838; baseline 0.004 -23"><span class='ocrx_word' id='word_1_154' title='bbox 349 2753 466 2815; x_wconf 86' lang='lat' dir='ltr'>tabulis</span> <span class='ocrx_word' id='word_1_155' title='bbox 491 2773 627 2836; x_wconf 87' lang='lat' dir='ltr'>superne</span> <span class='ocrx_word' id='word_1_156' title='bbox 650 2760 747 2816; x_wconf 84' lang='lat' dir='ltr'>strate</span> <span class='ocrx_word' id='word_1_157' title='bbox 770 2759 886 2817; x_wconf 82' lang='lat' dir='ltr'>texunt</span> <span class='ocrx_word' id='word_1_158' title='bbox 908 2756 1030 2838; x_wconf 86' lang='lat' dir='ltr'>pulpita</span> 
     </span>
     <span class='ocr_line' id='line_1_23' title="bbox 349 2862 967 2945; baseline 0.003 -21"><span class='ocrx_word' id='word_1_159' title='bbox 349 2863 464 2924; x_wconf 88' lang='lat' dir='ltr'>rimosa</span> <span class='ocrx_word' id='word_1_160' title='bbox 487 2862 551 2923; x_wconf 89' lang='lat' dir='ltr'>rari</span> <span class='ocrx_word' id='word_1_161' title='bbox 574 2864 728 2944; x_wconf 84' lang='lat' dir='ltr'>pegmatis</span> <span class='ocrx_word' id='word_1_162' title='bbox 752 2862 967 2945; x_wconf 71' lang='lat' dir='ltr'>compagibus</span> 
     </span>
     <span class='ocr_line' id='line_1_24' title="bbox 347 2968 1041 3034; baseline 0.006 -4"><span class='ocrx_word' id='word_1_163' title='bbox 347 2969 498 3031; x_wconf 90' lang='lat' dir='ltr'>scindunt</span> <span class='ocrx_word' id='word_1_164' title='bbox 521 2969 658 3032; x_wconf 89' lang='lat' dir='ltr'>subinde</span> <span class='ocrx_word' id='word_1_165' title='bbox 681 2969 731 3031; x_wconf 88' lang='lat' dir='ltr'>vel</span> <span class='ocrx_word' id='word_1_166' title='bbox 755 2968 914 3032; x_wconf 89' lang='lat' dir='ltr'>terebrant</span> <span class='ocrx_word' id='word_1_167' title='bbox 937 2991 1041 3034; x_wconf 82' lang='lat' dir='ltr'>aream</span> 
     </span>
     <span class='ocr_line' id='line_1_25' title="bbox 348 3075 1032 3158; baseline 0.003 -21"><span class='ocrx_word' id='word_1_168' title='bbox 348 3075 523 3157; x_wconf 88' lang='lat' dir='ltr'>crebroque</span> <span class='ocrx_word' id='word_1_169' title='bbox 546 3076 671 3158; x_wconf 87' lang='lat' dir='ltr'>lignum</span> <span class='ocrx_word' id='word_1_170' title='bbox 693 3076 855 3158; x_wconf 85' lang='lat' dir='ltr'>perforant</span> <span class='ocrx_word' id='word_1_171' title='bbox 877 3078 1032 3158; x_wconf 70' lang='lat' dir='ltr'>acutione,</span> 
     </span>
     <span class='ocr_line' id='line_1_26' title="bbox 345 3182 1007 3265; baseline 0.002 -20"><span class='ocrx_word' id='word_1_172' title='bbox 345 3187 448 3265; x_wconf 86' lang='lat' dir='ltr'>pateat</span> <span class='ocrx_word' id='word_1_173' title='bbox 470 3183 604 3245; x_wconf 90' lang='lat' dir='ltr'>minut&#39;s</span> <span class='ocrx_word' id='word_1_174' title='bbox 626 3189 663 3245; x_wconf 92' lang='lat' dir='ltr'>ut</span> <span class='ocrx_word' id='word_1_175' title='bbox 684 3182 835 3264; x_wconf 81' lang='lat' dir='ltr'>frequens</span> <span class='ocrx_word' id='word_1_176' title='bbox 859 3183 1007 3246; x_wconf 80' lang='lat' dir='ltr'>hiatibus,</span> 
     </span>
    </p>
   </div>
   <div class='ocr_carea' id='block_1_5' title="bbox 302 3362 1126 3873">
    <p class='ocr_par' dir='ltr' id='par_1_6' title="bbox 346 3362 1126 3551">
     <span class='ocr_line' id='line_1_27' title="bbox 349 3362 1126 3447; baseline 0.005 -25"><span class='ocrx_word' id='word_1_177' title='bbox 349 3362 412 3423; x_wconf 88' lang='lat' dir='ltr'>huc</span> <span class='ocrx_word' id='word_1_178' title='bbox 436 3366 547 3423; x_wconf 87' lang='lat' dir='ltr'>taurus</span> <span class='ocrx_word' id='word_1_179' title='bbox 571 3362 684 3444; x_wconf 88' lang='lat' dir='ltr'>ingens</span> <span class='ocrx_word' id='word_1_180' title='bbox 708 3362 811 3424; x_wconf 83' lang='lat' dir='ltr'>fronte</span> <span class='ocrx_word' id='word_1_181' title='bbox 836 3368 925 3424; x_wconf 81' lang='lat' dir='ltr'>torva</span> <span class='ocrx_word' id='word_1_182' title='bbox 948 3369 979 3424; x_wconf 87' lang='lat' dir='ltr'>et</span> <span class='ocrx_word' id='word_1_183' title='bbox 1002 3363 1126 3447; x_wconf 85' lang='lat' dir='ltr'>hispida</span> 
     </span>
     <span class='ocr_line' id='line_1_28' title="bbox 346 3469 1039 3551; baseline 0.003 -21"><span class='ocrx_word' id='word_1_184' title='bbox 346 3470 436 3530; x_wconf 87' lang='lat' dir='ltr'>sertis</span> <span class='ocrx_word' id='word_1_185' title='bbox 459 3469 621 3531; x_wconf 86' lang='lat' dir='ltr'>revinctus</span> <span class='ocrx_word' id='word_1_186' title='bbox 645 3475 701 3531; x_wconf 90' lang='lat' dir='ltr'>aut</span> <span class='ocrx_word' id='word_1_187' title='bbox 723 3488 780 3551; x_wconf 87' lang='lat' dir='ltr'>per</span> <span class='ocrx_word' id='word_1_188' title='bbox 803 3489 907 3532; x_wconf 87' lang='lat' dir='ltr'>armos</span> <span class='ocrx_word' id='word_1_189' title='bbox 933 3469 1039 3533; x_wconf 86' lang='lat' dir='ltr'>floreis</span> 
     </span>
    </p>

    <p class='ocr_par' dir='ltr' id='par_1_7' title="bbox 302 3575 1081 3873">
     <span class='ocr_line' id='line_1_29' title="bbox 302 3575 977 3670; baseline 0.003 -34"><span class='ocrx_word' id='word_1_190' title='bbox 302 3657 305 3670; x_wconf 32' lang='grc' dir='ltr'>Ι</span> <span class='ocrx_word' id='word_1_191' title='bbox 346 3581 401 3637; x_wconf 89' lang='lat' dir='ltr'>aut</span> <span class='ocrx_word' id='word_1_192' title='bbox 423 3575 594 3657; x_wconf 88' lang='lat' dir='ltr'>impeditus</span> <span class='ocrx_word' id='word_1_193' title='bbox 619 3575 769 3638; x_wconf 89' lang='lat' dir='ltr'>cornibus</span> <span class='ocrx_word' id='word_1_194' title='bbox 794 3575 977 3656; x_wconf 77' lang='lat' dir='ltr'>deducitur3</span> 
     </span>
     <span class='ocr_line' id='line_1_30' title="bbox 346 3683 1081 3766; baseline 0.005 -22"><span class='ocrx_word' id='word_1_195' title='bbox 346 3702 404 3745; x_wconf 84' lang='lat' dir='ltr'>nec</span> <span class='ocrx_word' id='word_1_196' title='bbox 429 3702 492 3744; x_wconf 93' lang='lat' dir='ltr'>non</span> <span class='ocrx_word' id='word_1_197' title='bbox 518 3689 549 3745; x_wconf 91' lang='lat' dir='ltr'>et</span> <span class='ocrx_word' id='word_1_198' title='bbox 572 3702 649 3745; x_wconf 88' lang='lat' dir='ltr'>auro</span> <span class='ocrx_word' id='word_1_199' title='bbox 672 3683 760 3746; x_wconf 86' lang='lat' dir='ltr'>frons</span> <span class='ocrx_word' id='word_1_200' title='bbox 785 3691 929 3746; x_wconf 86' lang='lat' dir='ltr'>coruscat</span> <span class='ocrx_word' id='word_1_201' title='bbox 952 3685 1081 3766; x_wconf 74' lang='lat' dir='ltr'>hostiae,</span> 
     </span>
     <span class='ocr_line' id='line_1_31' title="bbox 347 3790 963 3873; baseline 0.006 -22"><span class='ocrx_word' id='word_1_202' title='bbox 347 3797 513 3871; x_wconf 81' lang='lat' dir='ltr'>saetasque</span> <span class='ocrx_word' id='word_1_203' title='bbox 535 3790 641 3873; x_wconf 88' lang='lat' dir='ltr'>fulgor</span> <span class='ocrx_word' id='word_1_204' title='bbox 664 3790 830 3854; x_wconf 86' lang='lat' dir='ltr'>bractealis</span> <span class='ocrx_word' id='word_1_205' title='bbox 854 3791 963 3855; x_wconf 87' lang='lat' dir='ltr'>inficit.</span> 
     </span>
    </p>
   </div>
   <div class='ocr_carea' id='block_1_6' title="bbox 165 3970 377 3977">
    <p class='ocr_par' dir='ltr' id='par_1_8' title="bbox 165 3970 377 3977">
     <span class='ocr_line' id='line_1_32' title="bbox 165 3970 377 3977; baseline 0.009 -2"><span class='ocrx_word' id='word_1_206' title='bbox 165 3970 377 3977; x_wconf 47' lang='grc' dir='ltr'>..φ-..Ψ</span> 
     </span>
    </p>
   </div>
   <div class='ocr_carea' id='block_1_7' title="bbox 162 4092 1336 4431">
    <p class='ocr_par' dir='ltr' id='par_1_9' title="bbox 162 4092 1336 4431">
     <span class='ocr_line' id='line_1_33' title="bbox 252 4092 1335 4162; baseline 0.006 -17"><span class='ocrx_word' id='word_1_207' title='bbox 252 4093 278 4161; x_wconf 90' lang='grc'>1)</span> <span class='ocrx_word' id='word_1_208' title='bbox 298 4092 470 4146; x_wconf 84' lang='lat' dir='ltr'>Bu1·clhardt</span> <span class='ocrx_word' id='word_1_209' title='bbox 488 4111 513 4160; x_wconf 86' lang='lat' dir='ltr'>p.</span> <span class='ocrx_word' id='word_1_210' title='bbox 534 4095 586 4146; x_wconf 77' lang='lat'>223</span> <span class='ocrx_word' id='word_1_211' title='bbox 605 4095 665 4146; x_wconf 89' lang='lat' dir='ltr'>adn.</span> <span class='ocrx_word' id='word_1_212' title='bbox 687 4095 697 4146; x_wconf 89' lang='lat'>1</span> <span class='ocrx_word' id='word_1_213' title='bbox 722 4094 787 4147; x_wconf 87' lang='lat' dir='ltr'>citat</span> <span class='ocrx_word' id='word_1_214' title='bbox 805 4095 904 4148; x_wconf 70' lang='lat' dir='ltr'>Amol».</span> <span class='ocrx_word' id='word_1_215' title='bbox 924 4096 941 4148; x_wconf 93' lang='lat' dir='ltr'>l.</span> <span class='ocrx_word' id='word_1_216' title='bbox 964 4097 1003 4162; x_wconf 71' lang='grc' dir='ltr'>Π,</span> <span class='ocrx_word' id='word_1_217' title='bbox 1023 4097 1071 4149; x_wconf 77' lang='lat'>62:</span> <span class='ocrx_word' id='word_1_218' title='bbox 1091 4097 1199 4150; x_wconf 86' lang='lat' dir='ltr'>Etruria</span> <span class='ocrx_word' id='word_1_219' title='bbox 1217 4097 1292 4151; x_wconf 88' lang='lat' dir='ltr'>libris</span> <span class='ocrx_word' id='word_1_220' title='bbox 1310 4099 1335 4151; x_wconf 92' lang='lat' dir='ltr'>in</span> 
     </span>
     <span class='ocr_line' id='line_1_34' title="bbox 163 4181 1336 4252; baseline 0.007 -20"><span class='ocrx_word' id='word_1_221' title='bbox 163 4182 347 4234; x_wconf 80' lang='lat' dir='ltr'>Acheronticis</span> <span class='ocrx_word' id='word_1_222' title='bbox 366 4181 508 4250; x_wconf 84' lang='lat' dir='ltr'>pollicetur</span> <span class='ocrx_word' id='word_1_223' title='bbox 527 4185 658 4236; x_wconf 86' lang='lat' dir='ltr'>certorum</span> <span class='ocrx_word' id='word_1_224' title='bbox 679 4183 835 4236; x_wconf 86' lang='lat' dir='ltr'>animalium</span> <span class='ocrx_word' id='word_1_225' title='bbox 856 4184 984 4252; x_wconf 86' lang='lat' dir='ltr'>sanguino</span> <span class='ocrx_word' id='word_1_226' title='bbox 1003 4185 1157 4238; x_wconf 81' lang='lat' dir='ltr'>numinibus</span> <span class='ocrx_word' id='word_1_227' title='bbox 1177 4187 1256 4239; x_wconf 87' lang='lat' dir='ltr'>certis</span> <span class='ocrx_word' id='word_1_228' title='bbox 1276 4188 1336 4240; x_wconf 86' lang='lat' dir='ltr'>dato</span> 
     </span>
     <span class='ocr_line' id='line_1_35' title="bbox 162 4269 1336 4340; baseline 0.005 -17"><span class='ocrx_word' id='word_1_229' title='bbox 162 4269 266 4324; x_wconf 89' lang='lat' dir='ltr'>divinas</span> <span class='ocrx_word' id='word_1_230' title='bbox 285 4271 388 4324; x_wconf 86' lang='lat' dir='ltr'>animas</span> <span class='ocrx_word' id='word_1_231' title='bbox 406 4272 465 4324; x_wconf 89' lang='lat' dir='ltr'>fieri</span> <span class='ocrx_word' id='word_1_232' title='bbox 477 4274 504 4324; x_wconf 91' lang='lat' dir='ltr'>et</span> <span class='ocrx_word' id='word_1_233' title='bbox 521 4272 554 4324; x_wconf 87' lang='lat' dir='ltr'>ab</span> <span class='ocrx_word' id='word_1_234' title='bbox 567 4271 671 4340; x_wconf 87' lang='lat' dir='ltr'>legibus</span> <span class='ocrx_word' id='word_1_235' title='bbox 691 4273 859 4326; x_wconf 84' lang='lat' dir='ltr'>mortalitatis</span> <span class='ocrx_word' id='word_1_236' title='bbox 878 4274 962 4326; x_wconf 88' lang='lat' dir='ltr'>educi.</span> <span class='ocrx_word' id='word_1_237' title='bbox 977 4305 1011 4312; x_wconf 92' lang='lat'>—-</span> <span class='ocrx_word' id='word_1_238' title='bbox 1026 4278 1133 4327; x_wconf 87' lang='lat' dir='ltr'>renatus</span> <span class='ocrx_word' id='word_1_239' title='bbox 1152 4275 1180 4327; x_wconf 90' lang='lat' dir='ltr'>in</span> <span class='ocrx_word' id='word_1_240' title='bbox 1199 4278 1336 4329; x_wconf 84' lang='lat' dir='ltr'>aetornum</span> 
     </span>
     <span class='ocr_line' id='line_1_36' title="bbox 162 4359 1335 4431; baseline 0.007 -20"><span class='ocrx_word' id='word_1_241' title='bbox 162 4359 261 4428; x_wconf 88' lang='lat' dir='ltr'>legitur</span> <span class='ocrx_word' id='word_1_242' title='bbox 274 4361 301 4415; x_wconf 79' lang='lat' dir='ltr'>C.</span> <span class='ocrx_word' id='word_1_243' title='bbox 312 4362 333 4414; x_wconf 88' lang='grc' dir='ltr'>Ι.</span> <span class='ocrx_word' id='word_1_244' title='bbox 346 4360 376 4416; x_wconf 85' lang='lat' dir='ltr'>L.</span> <span class='ocrx_word' id='word_1_245' title='bbox 388 4361 434 4428; x_wconf 72' lang='lat' dir='ltr'>vl,</span> <span class='ocrx_word' id='word_1_246' title='bbox 447 4361 509 4414; x_wconf 78' lang='lat'>510.</span> <span class='ocrx_word' id='word_1_247' title='bbox 524 4361 583 4413; x_wconf 78' lang='lat'><strong>736.</strong></span> <span class='ocrx_word' id='word_1_248' title='bbox 604 4362 674 4414; x_wconf 75' lang='grc' dir='ltr'><strong>111·οε</strong></span> <span class='ocrx_word' id='word_1_249' title='bbox 688 4379 794 4431; x_wconf 90' lang='lat' dir='ltr'>quoque</span> <span class='ocrx_word' id='word_1_250' title='bbox 807 4363 878 4416; x_wconf 87' lang='lat' dir='ltr'>tauri</span> <span class='ocrx_word' id='word_1_251' title='bbox 890 4367 1012 4417; x_wconf 87' lang='lat' dir='ltr'>aeternae</span> <span class='ocrx_word' id='word_1_252' title='bbox 1024 4366 1194 4417; x_wconf 88' lang='lat' dir='ltr'>nominantur</span> <span class='ocrx_word' id='word_1_253' title='bbox 1205 4364 1248 4418; x_wconf 89' lang='lat' dir='ltr'>Or.</span> <span class='ocrx_word' id='word_1_254' title='bbox 1257 4365 1335 4419; x_wconf 77' lang='lat'><strong>2323.</strong></span> 
     </span>
    </p>
   </div>
   <div class='ocr_carea' id='block_1_8' title="bbox 0 0 1550 5000">
    <p class='ocr_par' dir='ltr' id='par_1_10' title="bbox 0 0 1550 5000">
     <span class='ocr_line' id='line_1_37' title="bbox 0 0 1550 5000; baseline 0 4"><span class='ocrx_word' id='word_1_255' title='bbox 0 0 1550 5000; x_wconf 95' lang='lat' dir='ltr'> </span> 
     </span>
    </p>
   </div>
  </div>
 </body>
</html>
