3092 5000
623 1195 821 1331 Caput
859 1196 956 1298 IV.

351 1371 402 1452 lle
429 1370 672 1465 tauroboliis
702 1370 895 1453 trioboliis
923 1370 1230 1472 nemoboliisquo.

294 1532 494 1615 Quamquam
518 1526 666 1615 permulti
690 1533 784 1595 uobis
808 1538 917 1595 extant
940 1534 1025 1596 tituli
1053 1533 1259 1596 tauroboliaei
1283 1539 1382 1615 atque

204 1663 222 1703 a
256 1641 426 1703 l’rudeutio
460 1641 595 1723 aliisquo
628 1642 704 1729 liaeo
741 1662 829 1703 suero
863 1642 1029 1721 discilium,
1069 1647 1173 1702 tamen
1206 1640 1382 1702 nonnullae

204 1753 323 1810 restant
347 1747 561 1827 diffirultntes,
585 1769 665 1830 qrras
689 1748 926 1829 investigandas
949 1756 1046 1839 atque
1070 1754 1224 1831 quantum
1248 1767 1378 1831 possum

204 1855 423 1916 dissolvendus
446 1855 505 1915 lroe
529 1836 631 1937 eapite
655 1856 731 1916 milri
756 1857 941 1938 p1·oposui.¹)
966 1876 1002 1917 ae
1025 1857 1162 1938 primum
1189 1855 1317 1936 quidem
1340 1854 1380 1915 (le

204 1982 295 2042 vore,
320 1963 396 2044 quid
422 1962 579 2045 significet
603 1982 764 2044 qtlumque
784 1964 938 2043 originem
959 1963 1085 2042 lrabeat,
1109 1962 1247 2024 breriter
1266 1961 1378 2022 (liram.

205 2067 412 2152 πυροβόλων
449 2066 656 2152 (κριοβόλιον,
687 2062 895 2148 (ιὶμο,;1όλιον)
932 2077 1015 2131 certe
1048 2068 1256 2131 ‹lerivandum
1289 2074 1336 2131 est
1359 2088 1379 2129 a

206 2195 280 2238 rone
314 2184 426 2260 ταῦρος
460 2164 699 2264 (ιριόμαῖμα)
736 2181 765 2237 et
788 2173 921 2254 βάλλειν
948 2178 991 2238 itu
1017 2181 1051 2238 ut
1081 2172 1275 2256 annosiora
1303 2194 1376 2236 eum

203 2283 373 2365 significet,
405 2286 461 2366 qui
484 2289 610 2345 taurum
636 2290 764 2359 rnaetat;
798 2303 869 2345 (urin
896 2303 969 2345 rere
999 2284 1059 2346 hoe
1086 2282 1142 2345 fiat
1166 2304 1183 2345 a
1207 2283 1377 2359 sacerdote,

202 2392 230 2452 is
250 2410 378 2473 qrroque
397 2389 581 2453 taurobolus
601 2391 785 2465 nominatur
804 2390 840 2451 ef.
860 2409 987 2452 carmen
1007 2391 1074 2454 eod.
1094 2389 1165 2452 Pan
1186 2392 1272 2453 8084
1290 2411 1318 2450 r.
1334 2393 1376 2452 57

203 2497 321 2578 (Herm.
342 2497 389 2559 lV
409 2519 436 2581 p.
457 2500 500 2561 50
520 2501 592 2579 sol:

386 2605 459 2686 quis
482 2604 540 2666 tibi
564 2603 752 2666 taurobolus
775 2612 894 2667 restem
920 2612 1041 2668 nurture
1065 2605 1187 2667 suasit?

206 2711 411 2793 imparatior
443 2713 539 2794 igitur
569 2711 600 2773 itl
626 2718 673 2773 est
704 2712 789 2793 quod
818 2713 953 2794 pertinet
981 2712 1020 2775 od
1044 2712 1260 2792 taurobolum,
1285 2712 1377 2773 euim

202 2841 321 2883 munus
344 2821 568 2902 gravissimum
592 2825 638 2881 est
662 2819 846 2882 saerifioure.
870 2828 948 2881 num
970 2839 1043 2882 rero
1066 2821 1204 2902 primum
1225 2839 1247 2883 s.
1264 2840 1292 2880 v.
1306 2825 1377 2881 tau·

204 2928 316 2990 robolii
339 2928 458 3004 loounn
484 2947 547 3008 quo
572 2946 695 2988 eaerum
720 2933 883 3008 peractum
907 2932 967 3006 est,
991 2926 1126 2989 Reum-ni
1152 2926 1379 3004 intellexerint,

203 3034 313 3097 dubito
332 3053 436 3115 neque
454 3034 629 3116 comparari
645 3039 747 3116 potest
764 3053 837 3095 eum
855 3054 930 3095 roee
945 3039 1051 3096 nostra
1069 3053 1244 3116 cognomen
1256 3031 1377 3096 Dionae

208 3139 470 3224 (ltaooaoloe),
494 3142 586 3203 (otius
605 3140 699 3202 aedes
723 3161 770 3222 ap.
791 3140 891 3202 Strab.
912 3140 1001 3216 Xll',
1026 3143 1090 3203 639
1113 3138 1327 3223 rsrrpoaotror
1346 3147 1378 3204 et

203 3269 291 3310 saera
318 3245 517 3330 coronantur
537 3247 687 3330 (Hesyelr.
709 3269 730 3309 s.
748 3269 777 3310 r.
798 3243 819 3308 ἃ
843 3241 890 3322 εἷς
913 3241 1025 3333 ἑορτὴν
1043 3245 1175 3330 ἄγονσιν
1196 3238 1377 3333 Ἀρτέμιδι)

203 3357 408 3438 appellantur.
451 3355 569 3444 quibus
593 3362 698 3417 autom
722 3355 917 3437 temporibus
941 3355 996 3417 illa
1019 3376 1107 3417 saera
1131 3355 1264 3417 Romani
1289 3375 1377 3417 arre-

202 3464 405 3545 pe1·int‚non
430 3464 506 3524 satis
530 3468 667 3538 oonstat3
701 3469 839 3524 attamen
870 3463 926 3523 rix
952 3464 1123 3544 quisquam
1147 3461 1274 3544 negabit
1299 3464 1376 3545 qmu

202 3590 266 3631 uon
290 3571 351 3631 uisi
375 3575 475 3631 aetate
499 3570 713 3651 imperatoria
743 3570 875 3632 fortasse
899 3570 961 3632 iam
985 3571 1086 3652 primo
1110 3590 1138 3652 p.
1159 3568 1229 3632 Clu.
1249 3570 1377 3631 saeeulo
1446 3649 1449 3654 Δ

201 3677 283 3738 faeta
313 3675 416 3756 siut.²)
449 3676 505 3738 sed
535 3682 658 3739 tantum
688 3676 775 3739 abest
808 3684 841 3739 ut
872 3680 987 3761 pagani
1016 3678 1203 3760 baptismate
1227 3676 1378 3740 Christia-

203 3806 224 3810 ..
244 3804 415 3813 74,-..-...

293 3854 317 3922 1)
337 3854 540 3920 Ττειοῒηνοηιηῒ,
565 3856 596 3907 ut
615 3857 716 3907 eeteros
736 3856 872 3920 omittam,
895 3856 964 3908 hane
983 3871 1040 3907 rom
1060 3873 1085 3907 r.
1106 3855 1189 3908 Daleu
1210 3855 1313 3908 dissert.
1335 3855 1378 3908 lX

201 3943 405 4012 antiquitatibus
419 3942 483 4009 quin
502 3949 530 3995 et
544 3943 721 3995 marmoribus
739 3943 942 3996 inservientium
955 3945 969 3997 Ι
983 3944 1128 3997 Arnstelod.
1147 3944 1221 3998 1702.
1236 3944 1257 3996 F
1258 3960 1277 3996 r.
1287 3944 1378 3998 Kautz

202 4035 234 4086 de
253 4032 399 4086 taurobolio
418 4032 489 4099 Lips
505 4032 582 4085 1738.
609 4032 732 4084 Boissieu
750 4033 831 4089 inser.
845 4034 878 4086 de
896 4034 971 4102 Lyon
992 4051 1016 4101 p.
1031 4034 1066 4086 20
1079 4050 1117 4102 sq.
1143 4034 1316 4086 Burelthardt
1329 4036 1379 4088 das

201 4122 321 4175 zeitnlter
339 4122 514 4174 Konstantios
534 4123 559 4176 d.
573 4138 611 4190 gr.
626 4121 669 4189 2p.
685 4123 736 4174 193
756 4139 794 4190 sq.

290 4213 317 4276 2)
336 4212 548 4279 Antiquissimus
561 4211 600 4265 tit.
615 4211 717 4264 taurob.
728 4211 823 4264 Matris
837 4212 915 4264 deum
930 4215 971 4265 est
982 4213 1170 4280 Lugdunensis
1183 4229 1205 4265 a.
1218 4212 1270 4265 160
1281 4230 1305 4279 p.
1314 4212 1378 4266 eur.

116 4367 118 4370 Ι
201 4307 333 4367 ereetum3
353 4304 472 4353 attamen
491 4301 616 4368 quonium
635 4300 662 4352 in
682 4300 728 4352 illo
748 4306 820 4353 eerte
840 4318 892 4352 nrm
912 4302 1026 4368 primum
1047 4301 1225 4354 turrobolium
1238 4302 1282 4362 (ot.
1298 4302 1379 4368 infra)

201 4393 430 4454 eorrunomoratun
451 4390 497 4442 illa
515 4390 615 4442 Romae
635 4389 770 4457 aliquanto
791 4393 851 4441 auto
873 4394 997 4458 pereopta
1015 4408 1074 4442 esso
1095 4391 1227 4445 ridentur.
