3092 5000
633 341 844 401 ..21-

145 519 198 599 (ef.
210 518 242 582 O.
254 517 418 597 tumn,
438 520 531 581 1649.
549 520 644 580 1776.
662 518 758 581 2230.
776 519 872 581 2633.
884 519 970 581 4846
981 524 1037 580 eto.
1061 517 1135 601 liph.
1147 516 1229 593 RV,
1241 518 1327 589 614),

144 627 181 688 in
206 627 347 688 carmine
376 625 415 688 ad
445 630 624 688 senatorem
655 644 695 688 ex
726 624 897 688 christiana
924 626 1079 707 religione
1106 626 1144 688 ad
1168 625 1326 688 idolorum

144 735 337 797 servitutem
362 751 552 796 conversum
576 733 622 795 sio
645 733 844 815 loquentem:

239 843 313 924 quis
335 841 474 923 patiatur
498 840 583 902 enim
606 844 637 902 te
659 844 793 902 matrem
817 840 945 903 credere
968 859 1116 923 magnam

238 967 333 1031 posse
358 949 447 1011 deam
473 947 536 1010 diei
559 966 736 1029 rursusque
759 953 871 1030 putare
895 946 1069 1028 colendam,

238 1056 332 1120 cuius
356 1055 495 1118 cultores
518 1054 649 1117 infamia
671 1055 773 1138 turpis
797 1055 920 1117 inurit?

237 1182 377 1247 namque
401 1162 580 1226 sacerdotes
604 1163 722 1226 tunicis
745 1161 957 1226 muliebribus
980 1163 1067 1225 idem

237 1272 374 1334 interius
398 1272 513 1333 vitium
537 1271 626 1333 cultu
650 1271 807 1333 exteriore
829 1269 978 1350 fatentur,

237 1378 337 1460 idque
361 1378 456 1441 licere
479 1382 592 1460 putant
616 1378 702 1460 quod
725 1396 789 1440 non
814 1377 901 1440 lieet:
926 1377 1014 1441 unde
1036 1398 1092 1462 por
1117 1379 1227 1441 urbem

238 1486 353 1548 leniter
376 1485 529 1547 incedunt
551 1485 673 1547 mollita
696 1504 775 1547 voee
797 1484 974 1567 loquentes,

237 1593 437 1676 lassatosque
461 1597 571 1656 tenent
594 1598 725 1656 extenso
749 1593 863 1675 pollioe
886 1592 1014 1655 lumbos

238 1707 271 1764 et
293 1702 457 1783 proprium
482 1705 607 1763 mutant
630 1701 761 1783 vulgato
786 1702 918 1763 erimine
944 1720 1066 1764 sexum.

238 1828 379 1890 cumque
402 1828 478 1871 suos
502 1807 663 1871 celebrant
685 1810 781 1888 ritus,
805 1808 854 1871 his
877 1826 946 1871 esse
971 1807 1083 1870 diebus

238 1935 273 1979 se
297 1922 401 1979 uastos
424 1919 615 1978 memorant:
642 1922 673 1978 at
697 1917 724 1978 si
747 1915 968 1979 taritummodo
992 1922 1070 1978 tune
1093 1924 1169 1979 sunt

238 2028 275 2086 ut
297 2023 465 2105 perhibent
489 2025 580 2104 casti,
603 2022 727 2105 reliquo
751 2024 814 2085 iam
838 2029 979 2105 tompore
1003 2023 1081 2105 quid
1106 2027 1205 2087 sunt?

238 2131 295 2193 sed
319 2132 394 2212 quia
418 2135 577 2214 eoguntur
600 2130 705 2193 saltim
730 2131 827 2193 semel
851 2149 919 2193 osse
942 2130 1060 2214 pudici,

238 2243 345 2300 mente
367 2237 521 2318 fremunt,
545 2237 684 2300 lacerant
707 2256 823 2321 eorpus
846 2237 1051 2320 funduntque
1074 2257 1228 2301 eruorem.

238 2345 332 2428 quale
356 2365 482 2408 suorum
505 2350 553 2407 est
576 2363 651 2407 vero
676 2344 763 2428 quod
785 2344 887 2406 fertur
909 2346 1039 2408 nomino
1062 2347 1216 2429 sanguis?
1231 2348 1249 2426 ¹)

237 2473 325 2517 nune
349 2454 442 2518 etiam
467 2453 577 2534 didici,
601 2452 687 2536 quod
711 2459 742 2516 te
764 2472 831 2516 non.
853 2452 963 2517 feeerit
987 2460 1079 2534 aetas,

238 2562 295 2625 sed
318 2568 372 2625 tna
395 2563 506 2646 religio
529 2563 656 2625 calvum
680 2562 846 2644 caligaque
869 2567 990 2625 remota

239 2669 360 2732 Gallica
383 2671 423 2732 sit
445 2669 580 2752 pedibus
603 2669 692 2731 molli
715 2669 862 2732 redimita
884 2688 1015 2751 papyro.

237 2776 378 2859 Philippi
394 2776 589 2860 temporibus
604 2774 930 2840 DeaeVooontiorum
945 2798 998 2839 ara
1012 2776 1228 2839 tauroboliaca
1243 2778 1322 2859 prid.

144 2883 217 2947 Kal.
235 2883 387 2947 Ootobres
407 2883 551 2967 Philippo
566 2884 715 2968 Augusto
735 2890 765 2947 et
783 2884 863 2947 Titio
884 2884 1068 2947 oonsulibus
1083 2885 1124 2966 ld.
1137 2886 1179 2949 30
1190 2885 1321 2968 mSept.

145 3013 172 3054 a.
200 2993 280 3072 245)
307 2998 410 3054 ereeta
433 2998 480 3054 est
506 2992 542 3054 ef.
570 2991 754 3054 lll'lmorms
785 3012 832 3054 ea.
863 2993 940 3055 123.
978 2993 1105 3074 gravior
1137 2999 1242 3056 autem
1276 3000 1323 3056 ost

144 3100 192 3164 tit.
217 3098 250 3161 0.
273 3098 301 3161 I.
323 3098 363 3161 L.
393 3098 451 3178 VI,
483 3100 555 3161 488
583 3100 781 3181 praesentiae
804 3097 916 3161 Matris
945 3099 1041 3161 deum
1068 3120 1085 3161 a
1109 3098 1143 3162 P.
1170 3099 1322 3182 Septimio

144 3206 253 3270 Felice
272 3205 311 3268 ob
331 3225 481 3269 eoronam
505 3207 666 3270 millesimi
689 3205 779 3269 urbis
802 3207 879 3269 anni
898 3209 937 3289 (a.
958 3209 1033 3286 247)
1052 3208 1183 3289 positus.
1208 3208 1323 3272 deinde

145 3319 300 3396 quattuor
323 3314 414 3377 annis
437 3319 508 3397 post
532 3319 620 3377 ortus
643 3319 690 3377 est
713 3315 757 3377 tit.
787 3312 818 3377 C.
841 3313 870 3376 I.
895 3313 931 3377 L.
953 3313 1004 3393 X,
1032 3316 1127 3376 3699
1151 3313 1322 3397 Cumanus,

146 3440 212 3502 quo
245 3420 538 3504 dendrophororum
570 3441 611 3484 ex
643 3424 773 3484 senatus
805 3422 950 3484 consulto
982 3426 1159 3485 creatorum
1192 3425 1323 3487 nomina

144 3527 334 3611 subsignata
357 3538 446 3607 sunt3
475 3528 670 3613 Borghesius
694 3529 780 3592 enirn
805 3532 884 3612 (opp.
904 3528 967 3609 III,
994 3529 1166 3609 137.V11,
1190 3533 1322 3611 ill-ex-

142 3635 254 3718 posuit
276 3635 373 3698 verba
396 3635 460 3698 VII
483 3636 529 3699 Id.
550 3634 617 3698 Oet.
637 3635 687 3697 ΠΙ
708 3640 739 3698 et
762 3636 860 3699 semel
884 3636 1070 3700 oonsulibus
1092 3638 1127 3699 in
1149 3636 1213 3700 fine
1237 3639 1322 3701 tituli

142 3742 331 3805 nominibus
362 3744 486 3806 omissis
515 3743 734 3806 tantummodo
765 3748 906 3825 spectare
936 3744 976 3807 ad
1007 3765 1032 3809 a.
1058 3747 1120 3807 251
1146 3745 1196 3828 (of.
1216 3744 1320 3809 Klein.

141 3851 214 3914 fast.
235 3851 357 3913 oonsul.
376 3871 405 3933 p.
423 3852 508 3935 106).
533 3851 586 3914 eui
603 3852 771 3933 proximus
791 3856 838 3914 est
856 3853 902 3914 tit.
922 3850 1012 3914 Aure.
1031 3851 1114 3915 last.
1132 3854 1179 3913 40
1190 3874 1225 3934 p.
1241 3855 1320 3933 399,

85 4007 88 4022 .
142 3977 243 4041 quem
264 3962 420 4039 quantum
437 3958 507 4022 fieri
525 3960 629 4042 potuit
652 3958 858 4042 probabiliter
871 3959 1018 4022 Visoonti
1037 3961 1083 4022 sie
1101 3961 1275 4043 supplevit:

236 4065 348 4128 taurob
370 4066 481 4149 [olium
505 4067 760 4150 crioboliumque
778 4067 932 4153 facturum
946 4066 1080 4151 Magnae
1099 4067 1206 4150 dleum
1226 4067 1320 4131 Matri

138 4183 172 4240 et
197 4174 305 4237 Altini
334 4194 391 4256 pro
425 4171 644 4261 salutelsimp.
673 4174 815 4239 Caesaris
846 4175 877 4237 C.
903 4175 996 4259 V[ibi
1025 4174 1215 4239 Treboniani
1239 4175 1320 4239 Galli

136 4321 360 4332 ....--——-

236 4406 430 4475 umam
