3092 5000
639 336 850 396 -3..

154 522 277 588 σχετίῦν
299 506 423 574 ἀνεῖλεν
451 506 550 573 αὐτὸν
581 506 616 572 cii
649 524 796 596 φανερῶς
825 501 870 574 δι’
897 505 982 575 αἰδῶ
1005 522 1061 597 τῆς
1083 510 1217 598 μητρός,
1247 509 1332 575 ἀλλὰ

153 624 213 678 σῦν
237 606 348 701 ἄγριον
370 614 524 698 πέμψας,
548 606 568 704 ἡ
591 614 627 679 δὲ
650 614 936 705 κατολοφυρομένη
961 616 1058 682 αὐτὸν
1081 614 1220 700 ἔθαψεν,
1244 613 1274 682 oi
1296 617 1332 682 δὲ

158 722 282 806 Φρύγες
314 723 400 786 κατὰ
433 724 471 788 τὸ
503 719 560 809 ἔαρ
593 728 773 812 θρηνοῦσιν
801 723 899 788 αὐτόν
929 727 979 810 (cf.
1008 727 1102 790 Paus.
1126 726 1204 809 VII,
1237 729 1286 807 17,
1311 730 1330 789 5

152 829 268 912 initio).
283 830 306 912 ¹)
1274 860 1279 870 =

249 935 368 1017 Cybele
386 939 485 1020 igitur
503 936 653 1026 (Κυβέλη,
673 938 821 1026 Κνβήβη)
846 946 912 1002 erat
931 960 1056 1002 summa
1074 940 1240 1022 Phrygum
1265 941 1331 1019 dea,

152 1046 303 1126 genetrix
322 1046 402 1108 caeli
425 1051 589 1126 6116666,
614 1048 666 1108 661
685 1048 843 1130 permulta
861 1049 1051 1128 cognomina
1073 1046 1267 1125 tribuuntur,
1292 1048 1331 1111 de

154 1151 274 1234 quibus
304 1157 413 1236 postea
439 1158 526 1236 (part.
550 1153 596 1236 ll)
621 1155 792 1218 dicendum
823 1156 898 1233 erit3
932 1157 1120 1218 coniunctus
1149 1160 1253 1217 autem
1285 1160 1331 1218 est

152 1279 230 1321 cum
261 1278 297 1322 66
326 1261 425 1342 Attis,
459 1261 642 1342 symbolum
672 1263 836 1325 morientis
867 1267 962 1343 atque
993 1263 1187 1325 renascentis
1220 1268 1329 1325 terrae.

151 1372 322 1449 postquam
348 1374 454 1431 antem
478 1388 589 1432 eorum
613 1370 719 1432 cultus
742 1389 799 1451 per
822 1368 1004 1451 Lydiam,²)
1032 1368 1166 1449 Troada,
1190 1370 1330 1431 colonias

133 1471 337 1557 06666661)
367 1475 488 1538 insulas
497 1475 521 1557 4)
551 1477 586 1538 in
617 1475 781 1538 Graeciam
804 1476 961 1558 pervenit,
992 1482 1240 1539 consentaneum
1265 1481 1331 1539 erat

245 1706 272 1770 1)
294 1705 394 1759 Omnes
413 1706 494 1774 16666,
513 1707 541 1758 in
560 1707 657 1775 quibus
677 1707 768 1760 fabula
787 1706 899 1776 Cybeles
919 1710 945 1760 et
963 1707 1062 1760 Attidis
1081 1707 1176 1775 agitur.
1197 1723 1329 1774 exponere

152 1794 326 1864 (06611661.
347 1795 394 1862 17,
415 1796 467 1848 223
487 1812 525 1864 66.
546 1796 699 1850 Cantica.
721 1797 797 1850 Serv,
817 1797 850 1849 ad
870 1799 935 1849 Aen.
950 1796 1000 1861 ΙΧ,
1020 1797 1079 1849 116.
1100 1796 1208 1849 Tertull.
1223 1797 1256 1848 ad
1275 1797 1328 1849 661.

150 1885 174 1951 Ι,
195 1885 256 1938 140.
287 1884 384 1937 Arnob.
405 1885 466 1938 adv.
479 1886 533 1937 nat.
547 1884 595 1952 IV,
615 1885 657 1938 35.
682 1885 861 1938 Philostratus
880 1902 938 1953 epp.
959 1885 1001 1938 39.
1021 1885 1130 1938 Sallust.
1145 1886 1177 1937 (16
1196 1887 1250 1938 nat.
1265 1885 1289 1937 d.
1302 1887 1328 1940 4.

150 1973 248 2025 Iulian.
275 1989 312 2027 or.
334 1973 366 2039 V,
390 1973 452 2042 165)
478 1989 707 2042 superuacaneum
731 1976 784 2039 est,
813 1974 968 2041 praesertim
995 1991 1055 2027 curn
1080 1966 1149 2027 Plau
1174 1974 1202 2027 in
1227 1975 1328 2043 encycl.

150 2061 248 2130 Pauly.
263 2063 296 2126 V,
316 2062 470 2115 403-»105
489 2078 534 2115 666
554 2063 739 2131 composuerit.
759 2079 966 2116 commemorare
985 2064 1086 2117 sufficit
1104 2064 1257 2132 Apollinem
1274 2065 1328 2117 iam

151 2152 225 2219 apud
244 2152 393 2206 Diodorum
411 2152 462 2220 ΙΠ,
482 2153 525 2219 59,
545 2152 562 2205 8
580 2153 607 2204 in
627 2152 718 2205 fabula
736 2153 846 2221 reperiri
865 2156 891 2205 61
911 2170 952 2222 ap.
967 2153 1063 2207 Euseb.
1083 2170 1173 2222 praep.
1193 2172 1234 2208 ev.
1248 2154 1283 2221 Π,
1303 2156 1328 2221 2,

150 2243 185 2294 41
207 2258 246 2310 sq.
284 2241 423 2309 Marsyam
444 2242 476 2294 61.
496 2241 743 2295 Mueller-Wiesler
760 2240 789 2294 Π
807 2242 860 2296 tab.
879 2242 945 2296 XLI
963 2260 989 2294 6.
1009 2243 1070 2296 492.

244 2331 270 2401 2)
289 2332 329 2384 De
347 2330 442 2385 Matris
460 2330 572 2401 Magnae
592 2331 667 2384 cultu
686 2331 779 2384 Sardio
799 2332 832 2385 (1,
845 2332 971 2385 Herodot.
986 2332 1019 2398 V,
1039 2332 1099 2385 102.
1122 2332 1243 2400 Sophocl.
1257 2332 1327 2386 Phil.

151 2439 177 2475 v.
192 2421 244 2484 331
259 2437 298 2489 sq.
317 2420 389 2473 Plut.
400 2421 491 2474 Phem.
503 2421 538 2474 30
551 2437 589 2489 sq.
610 2419 738 2474 Sardibus
751 2422 888 2488 repertum
901 2423 943 2474 est
954 2423 1108 2489 prostypon
1122 2421 1150 2474 in
1163 2439 1215 2490 quo
1229 2422 1328 2491 Cybele

150 2512 222 2564 inter
241 2512 308 2565 duos
332 2511 424 2565 leones
449 2514 523 2565 stans
543 2512 706 2580 conspicitur
723 2512 756 2564 61.
777 2512 1061 2581 Lebas-Waddington
1080 2528 1183 2580 voyage
1202 2514 1274 2566 arch.
1295 2531 1328 2566 en

151 2600 236 2654 06666
255 2602 281 2653 61
301 2618 333 2653 66
353 2601 417 2654 Asie
436 2602 555 2654 mineure
575 2603 593 2653 t.
607 2602 649 2654 ΠΙ
666 2601 785 2654 61653.

243 2690 269 2757 3)
288 2690 329 2742 De
349 2688 425 2742 cultu
444 2690 574 2758 Cyzicena
594 2690 626 2743 61,
646 2689 745 2743 Herod.
763 2690 811 2757 IV,
827 2689 869 2743 76.
888 2689 909 2756 Ι,
924 2690 966 2743 80.
987 2689 1074 2758 Apoll.
1088 2690 1173 2744 Rhcd.
1192 2691 1213 2757 Ι,
1228 2691 1280 2744 985
1301 2694 1328 2744 61

151 2779 236 2832 schol.
257 2778 345 2832 Schol.
366 2780 399 2831 ad
412 2779 472 2832 Nic.
487 2779 555 2832 alex,
571 2778 595 2831 8.
616 2778 711 2836 Zosim,
725 2779 760 2846 Π,
780 2778 823 2830 31.
850 2779 1000 2831 Cedrenurn
1013 2796 1039 2846 p.
1053 2779 1142 2834 119Β.
1161 2779 1326 2848 Marquardt.

34 2895 38 2902 ·
150 2869 274 2937 Kyzikos
294 2885 318 2920 u.
333 2868 390 2932 6616
410 2869 498 2937 gebiet
510 2868 589 2936 pes,
603 2869 664 2935 126,
679 2868 737 2921 186.
759 2868 787 2922 C.
801 2868 822 2920 Ι.
837 2868 866 2920 0.
881 2868 959 2920 3657.
978 2869 1099 2936 Ρ666.17,
1114 2869 1156 2938 13,
1169 2871 1194 2923 4.
1214 2869 1326 2939 Lolling.

149 2958 210 3010 1611
235 2958 282 3010 der
299 2957 407 3026 Kybele
433 2974 481 3010 ans
504 2958 598 3010 Plakia
621 2958 649 3009 in
673 2957 778 3011 mitteil.
797 2958 821 3009 d.
841 2957 1084 3011 deutsoharchtiol.
1104 2958 1165 3013 inst.
1185 2976 1219 3011 zu
1239 2958 1327 3011 Athen

150 3047 309 3115 71111882)
329 3065 354 3115 p.
370 3048 429 3102 151.
462 3048 501 3100 De
520 3047 596 3101 cultu
615 3047 761 3116 Smyrnaeo
780 3048 813 3101 cf.
828 3047 856 3100 C.
871 3047 891 3099 Ι.
907 3048 936 3100 G.
951 3048 1030 3115 3137,
1049 3048 1128 3115 3157,
1148 3048 1226 3114 3193,
1246 3047 1325 3114 3260,

150 3137 231 3205 3286,
251 3136 401 3204 3385-87,
421 3137 500 3205 3401,
520 3138 597 3190 3411.
635 3137 721 3191 Strab.
735 3137 771 3202 Χ,
791 3137 851 3191 469.
889 3137 1000 3191 1161161.
1020 3139 1102 3190 doctr.
1123 3156 1148 3190 n.
1169 3137 1325 3204 v.11,534.

150 3228 272 3281 Mionnet
291 3227 375 3280 deser.
396 3228 443 3280 des
462 3244 551 3281 monn.
565 3244 602 3296 gr.
617 3227 703 3296 suppl.
718 3228 779 3294 Vn,
798 3227 859 3281 400.
880 3227 924 3281 cui
943 3228 1008 3280 (1666
1027 3227 1188 3280 hereditates
1207 3227 1326 3294 accipere

150 3317 467 3385 honissecognosoimus
487 3334 521 3369 ex
539 3316 650 3385 Ulpiani
668 3318 708 3371 tit.
728 3317 825 3383 XXII,
846 3317 875 3369 6;
904 3318 967 3370 (1666
986 3317 1098 3370 heredes
1115 3317 1255 3370 instituere
1274 3332 1326 3369 non

150 3422 296 3475 possumus
316 3408 422 3474 praeter
441 3423 499 3474 666,
525 3423 591 3475 6666
611 3408 719 3460 6666166
739 3406 868 3460 consultis
888 3406 1156 3459 constitutionibusve
1174 3406 1325 3474 principum

150 3498 289 3570 instituere
309 3513 465 3549 concessum
479 3498 527 3563 661,
547 3496 625 3549 sicut'
640 3496 732 3550 lovem
744 3496 894 3564 Tarpeium,
907 3496 1057 3549 Minervam
1070 3496 1208 3563 iliensem,
1221 3496 1325 3549 Hercu·

150 3588 202 3640 lem
217 3586 386 3653 Gaditanum,
406 3586 520 3638 Dianam
532 3585 656 3652 Efesiam,
675 3585 790 3639 Matrem
809 3586 920 3639 deorum
934 3585 1087 3654 Sipylenem
1107 3602 1176 3654 6666
1196 3585 1325 3654 Smyrnae

150 3676 248 3730 colitur
267 3678 293 3729 et
312 3676 460 3730 Caelestem
479 3674 591 3729 Selenen
611 3676 688 3728 deam
708 3675 884 3745 Carthaginis,
993 3719 995 3724 .
1099 3719 1102 3724 .

239 3766 267 3836 4)
286 3766 327 3819 De
346 3765 422 3819 cultu
440 3765 467 3816 in
486 3764 575 3818 insula
599 3764 770 3818 Samothrace
795 3765 885 3818 habito
912 3765 944 3818 61.
964 3764 1079 3818 archaol.
1099 3765 1255 3817 untersucb.
1279 3766 1328 3817 auf

150 3856 325 3910 Samothralre
339 3856 446 3924 ausgef.
465 3872 489 3907 v.
511 3854 606 3922 06666,
626 3854 732 3908 Hauser
750 3872 777 3907 u.
797 3855 943 3923 Niemann,
969 3855 1051 3907 Wien
1071 3854 1139 3906 1875
1158 3854 1192 3923 (Ι)
1212 3871 1226 3905 6
1256 3871 1325 3907 6666

150 3946 265 4002 archtiol.
280 3947 379 3999 unters.
394 3944 521 3999 6618616.
536 3961 610 4014 ausg.
624 3962 650 3997 r.
665 3945 760 4011 Conze,
773 3945 881 3998 Hauser
892 3963 919 3998 6.
930 3944 1074 4011 36666611,
1088 3944 1168 3996 Wien
1182 3942 1252 3995 1880
1266 3942 1323 4012 (11).

150 4025 286 4103 Aristoph.
306 4051 363 4103 pao.
384 4035 435 4088 277
455 4051 493 4103 sq.
515 4037 542 4087 et
560 4035 643 4088 schol.
663 4035 763 4088 ibidem
783 4037 842 4088 erat
861 4035 973 4087 societas
993 4034 1116 4100 deorum,
1141 4032 1185 4085 cui
1203 4034 1325 4099 praeerat

150 4141 255 4178 summa
274 4125 325 4176 dea
338 4124 452 4192 Cybelae
471 4123 607 4176 simillima
621 4123 648 4192 (l.
662 4123 679 4176 l.
693 4124 707 4176 l
720 4115 744 4191 p
759 4125 793 4176 21
807 4127 871 4191 66.);
891 4126 972 4191 61666
991 4124 1070 4175 etiam
1090 4123 1116 4174 in
1135 4121 1253 4173 nummis
1273 4122 1323 4175 hoo

150 4215 207 4272 loco
226 4213 339 4282 repertis
353 4229 431 4281 saepe
444 4213 607 4280 conspicitur
619 4213 706 4266 Mater
717 4212 816 4283 Magna
829 4213 909 4282 (.l.1
921 4231 945 4281 p.
957 4214 989 4265 11
1004 4213 1064 4266 adn.
1076 4213 1099 4280 1,
1113 4212 1141 4264 Π
1153 4229 1178 4280 p.
1189 4211 1205 4264 3
1216 4212 1276 4263 adn.
1288 4212 1323 4278 1).

150 4304 254 4357 cultum
274 4302 401 4356 Romanis
420 4318 525 4369 666666
545 4301 679 4369 placuisse
699 4304 832 4356 testantur
850 4301 922 4355 Plut.
935 4302 999 4354 Luc.
1015 4302 1056 4355 13.
1075 4301 1157 4355 Marc.
1171 4300 1207 4353 30
1224 4302 1250 4353 61
1262 4301 1322 4355 Tac.

149 4409 208 4447 ann.
228 4393 269 4461 Π,
289 4393 331 4446 67.

1129 4498 1161 4550 1*
