3092 5000
655 309 865 367 ..5..

167 479 318 542 Metroon
342 479 540 545 aedificatum
564 488 627 564 est,
659 503 722 565 quo
746 489 877 548 senatus
901 486 1047 548 consulta
1070 487 1197 568 aliaque
1221 486 1347 549 decreta

167 587 426 669 servabantur31)
464 591 550 672 quod
583 610 709 655 sacrum
741 593 909 656 exornavit
940 592 1085 675 Phidias,
1122 599 1158 657 ut
1190 598 1347 656 testantur

168 692 266 757 Pans.
286 694 311 776 I,
331 698 360 777 3,
384 697 629 761 bethmannus
652 699 761 782 perIpl.
785 697 844 780 IX,
865 698 921 781 1.2)
944 700 1051 763 cultus
1073 701 1229 783 paulatim
1251 701 1346 783 longe

169 801 301 884 lateque
330 802 465 868 fluxisse
493 806 637 885 videtur,
671 807 829 889 permulta
858 808 942 869 enim
972 808 1090 891 templa
1119 813 1347 870 commemorat

169 907 361 992 Pausaniae,
381 932 463 995 quae
481 920 590 996 postea
608 918 770 977 exstructa
789 919 878 977 sunt:
904 914 1046 978 Corinthi
1066 915 1119 999 (II,
1139 918 1169 997 4,
1190 915 1231 998 7),
1250 913 1345 978 Lace-

170 1016 326 1082 daemone
350 1018 421 1102 (111,
448 1023 501 1102 12,
526 1023 566 1103 9),
590 1021 696 1085 Acriis
718 1021 789 1104 (III,
813 1025 865 1102 22,
889 1025 930 1103 4),
953 1022 1119 1086 Messenae
1137 1022 1203 1103 (IV,
1227 1025 1279 1104 31,
1304 1022 1346 1105 9),

168 1121 340 1208 Olympiae
355 1124 407 1210 (V,
420 1130 469 1208 14,
487 1129 515 1191 9.
526 1130 579 1210 20,
593 1130 635 1210 9),
654 1127 769 1210 Dymis
780 1128 865 1213 (VII,
880 1133 927 1210 17,
937 1128 981 1211 5),
1000 1129 1103 1192 Patris
1114 1128 1197 1210 (VII,
1213 1131 1264 1210 20,
1281 1132 1312 1209 3)
1320 1129 1345 1212 ³)

169 1229 363 1316 Megalopoli
393 1232 497 1316 (VIII,
524 1238 580 1317 30,
607 1235 654 1320 4),
692 1235 867 1317 Methydrii
890 1235 997 1321 (VHI,
1022 1239 1073 1318 37,
1097 1238 1128 1316 2)
1138 1236 1177 1320 4),
1199 1237 1236 1298 11
1258 1237 1345 1299 fonte

168 1338 289 1422 Alphei
304 1340 406 1425 (VHI,
423 1346 475 1423 44,
491 1341 532 1423 3).
556 1348 593 1406 ut
609 1348 718 1406 autem
736 1344 790 1406 ille
810 1343 923 1407 artifex
940 1344 1185 1413 Atheniensium
1204 1344 1345 1406 maxime

170 1448 318 1530 egregius
341 1450 479 1532 imagine
503 1449 614 1513 Matris
638 1450 772 1532 Magnae
801 1458 974 1535 occupatus
998 1456 1078 1533 erat,
1106 1453 1150 1514 ita
1173 1452 1267 1514 etiam
1291 1452 1345 1513 alii

171 1551 366 1618 Graecorum
384 1556 480 1620 huius
504 1559 580 1622 artis
601 1560 694 1642 periti
719 1560 889 1623 simulacra
912 1560 989 1622 deae
1014 1580 1110 1641 quam
1132 1559 1344 1642 pulcherrime

170 1659 301 1726 reficere
325 1665 429 1743 conati
454 1671 542 1747 sunt,
565 1668 736 1750 praecipue
758 1686 834 1730 vero
858 1665 1047 1749 Demophon
1070 1665 1263 1746 Messenius,
1288 1666 1345 1747 qui

169 1788 236 1831 nou
259 1771 365 1834 solum
386 1773 422 1834 in
448 1775 551 1857 patria
577 1775 750 1858 imaginem
773 1776 842 1836 eius
867 1794 908 1837 ex
933 1793 1089 1837 marmore
1112 1773 1205 1837 ParIo
1229 1773 1344 1836 factam

168 1878 290 1959 posuit,
326 1879 381 1941 sed
419 1883 514 1944 etiam
549 1881 723 1963 Methydrii
757 1883 905 1962 similem,
940 1902 1004 1964 qua
1035 1881 1167 1944 Phidias
1200 1881 1343 1944 Athenas

169 1991 338 2049 ornaverat
362 1986 467 2071 (Paus.
487 1988 543 2070 IV,
568 1992 619 2071 31,
643 1992 671 2054 6.
696 1989 790 2071 VIII,
815 1992 866 2069 37,
890 1991 929 2069 2).

261 2090 460 2176 Quamquam
484 2096 696 2160 Athenienses
724 2097 815 2158 cultu
845 2095 955 2159 Matris
985 2095 1119 2179 Magnae
1149 2096 1344 2179 reipublicae

167 2198 302 2281 probato
325 2201 479 2284 impedire
502 2196 719 2284 studebant,⁵)
742 2223 785 2267 ne
807 2205 959 2284 mysteria
980 2204 1036 2266 illa
1058 2203 1200 2286 Phrygia
1223 2205 1343 2287 accipe-

168 2312 289 2388 rentur,
314 2313 419 2372 tamen
442 2311 506 2373 iam
534 2329 575 2373 ex
604 2308 829 2373 Demosthenis
857 2310 999 2373 oratioue
1021 2309 1150 2390 XVIII,
1175 2311 1239 2373 260
1264 2305 1344 2392 (εὐοῖ

169 2416 270 2495 σαβοῖ
292 2414 348 2502 ὑῆς
371 2405 504 2504 ἅττηςθ)
528 2416 583 2503 ὑῆς
607 2405 707 2504 ἄττης
730 2416 831 2480 Strab.
852 2416 898 2497 X,
923 2418 957 2500 3,
984 2416 1037 2501 18)
1062 2417 1283 2500 cognoscimus
1307 2435 1344 2479 ea

167 2563 383 2571 -φ--Ἥ

248 2648 286 2718 1)
304 2648 420 2719 Lyeurg.
434 2649 525 2703 Leoor.
540 2649 582 2703 66.
602 2650 650 2719 frg.
665 2649 690 2703 8.
709 2649 850 2704 Demosth.
863 2649 954 2716 XXV,
973 2649 1015 2706 98,
1036 2649 1119 2703 schol.
1133 2650 1167 2702 ad
1179 2649 1255 2703 Deru.
1269 2667 1294 2717 p.
1307 2650 1342 2702 47

167 2740 210 2791 ed.
224 2738 310 2792 Turio.
323 2739 399 2792 Dem.
413 2739 510 2793 XVIII
523 2739 558 2791 ἑτ,
580 2732 663 2792 dudd.
681 2739 724 2793 40.
737 2739 817 2807 XIX,
837 2739 1008 2793 12911111.
1026 2739 1049 2807 I,
1063 2739 1106 2792 60.
1120 2740 1170 2807 ΙΠ,
1184 2739 1244 2805 187.
1258 2739 1342 2794 schol.

166 2829 204 2881 ad
221 2829 318 2887 Aesch,
338 2846 363 2898 p.
380 2830 425 2896 47,
444 2830 469 2882 4.
488 2829 554 2898 426,
573 2830 590 2882 6
614 2830 642 2882 in
661 2831 736 2883 oratt
755 2830 860 2883 Atticis.
880 2830 978 2882 Athen.
998 2829 1031 2896 V,
1057 2830 1111 2882 214
1124 2829 1151 2883 C.
1172 2829 1227 2898 IX,
1253 2829 1305 2882 407
1313 2830 1341 2884 C.

166 2918 296 2987 Harpoor.
315 2935 336 2973 s.
349 2937 376 2974 v.
395 2919 501 2972 Bekher
518 2921 611 2973 anecd.
628 2936 666 2990 gr.
679 2937 704 2987 p.
718 2919 779 2974 280.
799 2919 925 2973 Dinarch.
944 2920 971 2987 I,
990 2918 1032 2972 86.
1052 2920 1101 2989 hg.
1122 2921 1164 2974 24.
1184 2919 1341 2988 11111,

166 3008 230 3074 404,
249 3009 310 3077 421,
330 3009 381 3062 551
402 3010 452 3063 etc.
473 3010 505 3062 de
523 3009 628 3062 Iuliano
646 3010 709 3062 vide
731 3025 820 3077 supra.
850 3010 881 3062 11.
903 3009 930 3063 C.
950 3009 1073 3062 Curtium
1098 3010 1146 3062 das
1170 3011 1289 3063 metroon
1308 3027 1343 3061 zu

166 3098 257 3151 Athen
277 3098 316 3152 als
335 3099 504 3152 statsarohiV.
525 3098 603 3151 1868.

258 3189 286 3256 2)
305 3190 430 3242 Attamen
443 3188 547 3241 Plinius
558 3188 692 3256 XXXVI,
706 3188 739 3241 17
759 3191 850 3242 censet
869 3205 936 3258 opus
954 3188 1037 3241 fuisse
1050 3188 1210 3258 Agoracriti,
1230 3188 1342 3242 Phidiae

166 3276 293 3345 discipuli
312 3278 344 3330 cf.
358 3277 451 3330 Brunn
470 3277 560 3346 gesch.
580 3278 605 3330 d.
626 3278 724 3346 griech.
743 3278 867 3331 kunstler
884 3278 899 3330 I
917 3295 942 3345 p.
963 3277 1016 3330 184
1034 3294 1073 3346 sq.

257 3367 285 3437 3)
305 3367 408 3435 Dymas
427 3369 453 3420 et
471 3366 566 3420 Patras
586 3367 690 3421 cultum
709 3367 870 3421 translatum
895 3384 954 3421 esse
979 3367 1118 3435 apiratiS,
1144 3384 1211 3435 quos
1231 3367 1342 3420 deduxit

166 3458 312 3526 Pompeius
330 3457 359 3510 iu
371 3457 514 3526 Achaiam,
535 3457 603 3511 Stoll
622 3458 766 3511 arbitratur
785 3457 882 3526 (Pauly
901 3474 957 3513 enc.
971 3457 1036 3524 real,
1050 3457 1073 3524 1,
1093 3459 1118 3525 2,
1138 3457 1227 3527 2115).
1247 3457 1341 3510 Strabo

165 3548 247 3616 VIII,
267 3547 327 3601 378.

256 3639 285 3708 4)
303 3638 409 3692 Lobeok
428 3637 557 3708 Aglaoph.
577 3638 606 3691 Π
623 3656 649 3707 p.
670 3637 739 3691 1139
758 3639 811 3690 not.

256 3729 283 3798 5)
303 3728 375 3782 Plut.
386 3730 464 3782 amat.
476 3728 518 3795 13,
532 3728 561 3780 5:
581 3723 614 3780 οὗ
634 3726 664 3780 δὲ
684 3729 786 3794 ἔπηλυς
804 3728 833 3779 ἔκ
846 3747 919 3786 τινος
931 3728 1096 3798 βαρβαρικῆς
1110 3726 1340 3800 δεισιδαιμονίας,

165 3811 259 3889 ὥσπερ
278 3812 367 3871 Ἄτται
391 3820 462 3876 τινὲς
486 3822 532 3869 καὶ
550 3812 674 3870 Ἀδώνιοι
692 3813 851 3889 λεγόμενοι,
877 3813 914 3869 δι’
934 3812 1113 3888 ἀνδρογύνων
1137 3822 1184 3870 καὶ
1203 3820 1341 3887 γυναικῶν

165 3902 342 3979 παραδύεται
360 3911 406 3959 καὶ
429 3901 521 3977 κρύφα
548 3900 631 3977 τιμὰς
650 3901 682 3958 οὐ
702 3900 895 3976 προσηκούσας
913 3902 1115 3978 καρπούμενος,
1140 3900 1206 3960 ὥστε
1227 3924 1340 3977 παρεισ-

165 3998 278 4068 γραφῆς
291 3995 372 4063 δίκην
384 3989 498 4066 (γεῦγειν
510 4000 554 4048 καὶ
569 4002 682 4055 νοθείας
695 3997 742 4063 τῆς
755 3998 785 4047 ἐν
798 4002 873 4055 θεοῖς
884 3996 1050 4067 (1111111111.
1063 3997 1169 4065 zeitung
1178 3997 1339 4065 XXXVIII,

165 4088 238 4142 1880
255 4105 281 4155 p.
301 4087 318 4139 9
337 4087 397 4155 sq.)

256 4177 283 4244 6)
302 4175 410 4230 Primus
429 4177 590 4230 mentionem
609 4177 674 4230 fecii
690 4177 790 4230 Attidis
812 4176 998 4245 Theopompus
1016 4179 1094 4244 poeta
1112 4175 1242 4241 comicus,
1262 4175 1339 4227 cuius

164 4266 250 4320 verba
268 4282 303 4319 ex
321 4265 412 4320 fabula
431 4265 603 4333 Καπηλίδων
622 4268 779 4336 deprompta
800 4267 910 4319 tradidIt
928 4265 1024 4319 Suidas
1042 4266 1068 4333 l,
1088 4265 1141 4317 370
1160 4265 1204 4328 (of.
1223 4262 1338 4319 Meinek.

163 4358 214 4428 frg.
236 4372 304 4410 com.
324 4370 409 4426 graec.
429 4356 464 4424 II,
484 4358 500 4409 2
519 4374 544 4425 p.
564 4356 641 4426 801):
662 4350 823 4429 κολάσομαί
840 4359 873 4425 γε’
890 4372 920 4407 σε
940 4358 985 4406 καὶ
1005 4347 1053 4407 τὸν
1065 4348 1159 4407 Ἄττιν.
