3092 5000
636 337 846 400 ,ργ-

139 534 316 596 quaquam
341 516 512 578 verisimile
536 520 599 591 est3
634 515 721 597 quod
745 515 772 577 si
796 517 1022 598 acciperemus,
1053 521 1108 578 aut
1135 514 1235 576 multo
1260 519 1330 596 post

140 621 220 684 eius
239 627 374 686 mortem
393 623 575 705 sepulcrum
594 623 713 685 factum
735 630 792 685 aut
810 642 963 687 numerus
981 640 1138 686 annorum
1157 641 1175 683 a
1194 620 1330 703 lapicida

138 728 230 792 falso
264 730 443 813 insculptus
477 736 571 811 esset,
604 730 657 794 cui
688 731 863 793 sententiae
896 729 1021 793 obstant
1051 727 1162 791 verba:
1201 727 1329 808 „obiens

139 835 350 899 iuvenilibus
381 838 489 900 annis‘
523 842 554 901 et
593 844 641 918 „te
672 838 814 900 coniunx
848 857 920 900 oum
955 837 1062 919 parvis
1093 834 1187 899 deflet
1220 836 1328 898 natis“

140 943 262 1027 itaqua
286 940 420 1007 arbitror
443 945 536 1029 illum
560 943 726 1008 Ceionium
748 934 871 1027 patrem
900 946 1000 1008 nostri
1023 944 1136 1022 fuisse,
1165 944 1220 1025 qui
1244 948 1328 1006 uter·

144 1069 217 1132 que
241 1057 371 1115 sanctus
395 1053 578 1121 nominatur
601 1058 696 1135 atque
720 1052 847 1115 eosdem
870 1053 1006 1115 honores
1030 1053 1191 1135 percurrit.

242 1157 323 1221 Tum
347 1178 422 1221 vero
445 1159 492 1222 tit.
516 1156 547 1221 Ο.
566 1158 594 1221 Ι.
613 1157 651 1222 L.
676 1156 730 1238 VI,
750 1160 843 1220 1778
859 1158 965 1221 ‘Vettio
984 1159 1102 1242 Agorio
1126 1157 1328 1221 Praetextato

143 1263 189 1329 V.
212 1264 244 1329 C.
264 1265 474 1328 tauroboliato
494 1264 563 1328 Kal.
583 1264 673 1330 Febr.
692 1264 737 1328 m.
749 1265 974 1329 Valentiniano
993 1266 1076 1348 Aug.
1096 1264 1146 1328 III
1165 1269 1195 1327 et
1213 1263 1328 1327 Eutro-

142 1372 204 1454 pio
229 1371 417 1435 consulibus
440 1373 480 1453 (d.
503 1376 518 1436 1
539 1393 579 1435 m.
599 1372 688 1436 Febr.
709 1393 734 1435 a.
755 1372 833 1454 387)
853 1375 974 1456 positus
998 1379 1046 1436 est
1068 1379 1099 1435 et
1122 1374 1166 1438 tit.
1189 1370 1220 1435 C.
1239 1371 1267 1435 I.
1285 1369 1325 1434 L.

153 1477 211 1540 VI
212 1527 220 1557 ,
244 1480 337 1541 1779
359 1479 460 1543 eidam
485 1484 516 1544 et
538 1480 679 1543 Aooniae
707 1479 823 1544 Fabiae
846 1479 998 1543 Paulinae
1023 1480 1117 1543 uxori
1140 1479 1188 1558 (cf.
1213 1480 1327 1562 snpra),

146 1586 210 1669 qui
235 1586 396 1650 coniuncti
424 1589 576 1652 vixerunt
606 1607 705 1650 annos
729 1587 797 1653 XL.
821 1588 861 1651 ad
892 1588 1028 1651 eundem
1059 1606 1179 1653 anuum
1208 1591 1329 1670 spectat

145 1693 197 1757 tit.
220 1691 252 1755 C.
272 1692 300 1756 I.
318 1693 358 1756 A.
378 1693 450 1774 ΙΙΙ,
475 1697 551 1773 173,
578 1714 641 1776 qno
661 1695 846 1759 consulibus
864 1694 981 1758 Onorio
1004 1702 1035 1758 et
1051 1694 1176 1757 Euodio
1193 1692 1237 1755 Vl
1258 1692 1326 1757 Kal.

145 1799 223 1863 Iun.
249 1800 290 1884 (d.
309 1803 351 1864 27
370 1821 410 1865 m.
430 1800 529 1882 Maii),
554 1821 627 1865 cum
651 1801 868 1883 Hermogenes
892 1802 1039 1878 archon¹l
1063 1802 1135 1880 fair,
1160 1801 1327 1864 Musonius

146 1907 288 1970 Athenis
302 1908 515 1972 taurobolium
530 1910 680 1992 percepit3
702 1909 853 1991 quoniam
870 1928 944 1973 vero
960 1911 1004 1972 tit.
1019 1908 1051 1971 0.
1066 1908 1093 1971 Ι.
1104 1908 1142 1971 A.
1154 1906 1222 1987 ΙΙΙ,
1233 1909 1326 1988 1722)

146 2014 290 2098 primum
310 2016 522 2080 taurobolium
538 2016 673 2079 Athenis
691 2016 810 2080 iactum
829 2024 1103 2096 commemoratur,
1123 2016 1327 2079 manifestum

142 2127 202 2184 -est
223 2122 309 2185 hunc
337 2124 466 2186 titulum
496 2124 550 2186 illo
582 2124 794 2205 antiquiorem
824 2144 893 2188 esse
922 2131 1018 2206 atque
1047 2124 1163 2187 Iuliani
1194 2124 1327 2187 fortasse

149 2234 255 2292 aetate
279 2236 453 2294 exaratum.

241 2335 373 2402 Restant
397 2338 460 2401 dno
485 2338 584 2401 tituli:
614 2338 646 2400 8.
664 2338 692 2401 Ι.
712 2338 751 2401 L.
773 2338 832 2419 VI,
855 2342 928 2401 503
946 2361 965 2403 a
983 2338 1016 2403 L.
1027 2339 1170 2421 Ragonio
1181 2338 1326 2401 Venusto

148 2444 189 2507 V.
211 2443 242 2508 O.
263 2445 441 2510 taurobolio
465 2445 681 2530 criobolioquo
704 2455 851 2532 percepto
875 2446 908 2512 X
928 2446 996 2512 Kal.
1016 2447 1085 2512 lun.
1102 2440 1325 2512 Valentiniano

149 2553 234 2635 Aug.
255 2552 321 2616 llII
347 2558 378 2617 et
400 2553 549 2618 Necterio
573 2556 760 2619 consulibus
785 2556 824 2636 (d.
845 2558 895 2620 23.
916 2577 956 2619 m.
977 2556 1053 2619 Maii
1078 2577 1103 2619 a.
1125 2555 1202 2636 390)
1227 2561 1258 2617 ct
1281 2557 1325 2618 tit.

156 2657 187 2722 0.
208 2659 236 2726 Ι.
255 2659 293 2722 L.
313 2658 367 2740 VJ,
390 2662 456 2722 512
476 2661 586 2725 eodem
610 2681 693 2725 anno
718 2670 748 2726 et
772 2663 824 2727 die
847 2684 866 2726 a
889 2662 1018 2726 Ceionio
1042 2662 1136 2726 Rufio
1149 2662 1325 2726 Volusiano

153 2766 191 2830 V.
213 2765 245 2831 C.
269 2768 382 2831 iterato
406 2769 497 2831 anuis
521 2767 588 2831 XX
612 2770 746 2853 expletis
770 2771 946 2834 taurobolio
971 2771 1142 2834 dedicatus.
1167 2807 1169 2822 ι

118 2857 120 2862 “
242 2873 445 2957 Quamquam
468 2876 577 2939 nullus
601 2878 714 2940 titulus
733 2878 773 2940 ad
793 2878 996 2961 posteriorem
1016 2884 1148 2942 aetatem
1168 2879 1325 2961 pertinere

150 2982 324 3062 videtrrr·⁸)‚
355 2989 459 3046 tamma
484 2984 607 3046 cultum
637 2983 747 3047 Matris
770 2983 906 3068 Magnae
929 2991 1169 3067 ceterorumque
1193 2985 1325 3048 deorunr

151 3088 378 3167 orientalium4)
403 3090 565 3172 aliquanto
588 3096 659 3173 post
679 3091 818 3174 riguisse
842 3093 966 3175 scriptis
990 3098 1116 3175 patrum
1139 3093 1325 3155 ecclesiasti-

151 3213 262 3258 corum
280 3195 444 3259 Ambrosii
463 3196 513 3280 (cf.
531 3195 638 3280 Migne
657 3199 766 3280 patrol.
786 3198 838 3261 lat.
857 3197 940 3262 XVI
958 3220 987 3283 p.
1005 3199 1082 3281 980)
1102 3206 1132 3262 et
1151 3200 1326 3283 Augustini
1352 3182 1354 3189 ¹

151 3301 190 3365 de
214 3303 342 3365 civitate
367 3303 417 3366 dei
441 3305 516 3367 satis
540 3303 745 3369 confirmatur
769 3306 824 3388 (II,
849 3309 889 3384 4).

239 3409 432 3494 Priusquam
452 3411 549 3475 finem
568 3413 665 3476 huius
684 3415 781 3496 partis
800 3414 977 3495 absolvam,
1002 3414 1041 3476 dc
1059 3413 1170 3476 Matris
1190 3412 1325 3496 Magnae
1352 3419 1520 3490 Appauulx.

151 3518 236 3601 apud
269 3516 442 3582 Germanos
471 3520 560 3583 cultu
584 3519 693 3583 brevia
718 3520 834 3583 addere
853 3520 930 3582 mihi
954 3521 1054 3585 liceat.
1091 3520 1216 3583 Tacitus
1240 3521 1323 3583 enirn

240 3766 267 3836 1)
288 3766 327 3820 cl.
346 3766 463 3820 Henzen.
484 3767 549 3822 buli.
569 3769 629 3822 inst.
650 3769 721 3823 arch.
742 3766 813 3821 1867
832 3786 857 3836 p.
872 3769 931 3822 174.
999 3791 1002 3799 ·

240 3854 267 3925 2)
286 3854 320 3909 V.
340 3855 409 3911 Keil.
428 3856 525 3911 Philol.
538 3856 646 3924 xxiii,
666 3857 725 3911 607.
746 3857 860 3911 archael.
876 3857 983 3926 zoitung
998 3857 1066 3911 1883
1082 3876 1106 3925 p.
1122 3858 1164 3911 74.
1190 3858 1262 3911 arch.
1277 3874 1323 3910 an-

150 3945 239 4014 zeiger
253 3944 331 3999 1867,
359 3945 468 3999 Mauror·
487 3947 519 3998 do
538 3946 591 3999 aris
610 3947 773 4001 Graecorum
793 3947 914 4016 pluribus
934 3948 990 4000 deis
1015 3949 1042 4000 in
1062 3964 1203 4001 commune
1222 3948 1322 4015 positia.

150 4034 315 4088 Darmstadii
328 4035 397 4088 1885
409 4053 435 4104 p.
449 4035 509 4090 101.
546 4035 639 4090 Kaibel
661 4038 743 4106 epigr.
758 4053 796 4106 gr.
809 4037 870 4091 822.

240 4125 267 4192 3)
287 4125 405 4178 Titulum
426 4125 453 4179 G.
474 4126 494 4180 Ι.
513 4125 543 4179 L.
564 4126 614 4194 VI,
642 4127 693 4181 736
712 4144 764 4181 non
788 4127 865 4181 attuli
889 4131 1029 4197 propterca
1054 4129 1124 4197 quod
1143 4127 1274 4180 multam
1292 4142 1323 4180 oo

150 4214 299 4283 suspiciosa
317 4218 388 4268 sunt.

239 4306 267 4373 4)
288 4304 326 4359 Cf.
345 4306 384 4359 tit.
400 4306 427 4359 O.
446 4307 467 4359 I.
488 4307 517 4360 G.
537 4307 614 4360 4945.
634 4308 717 4375 4946,
737 4309 784 4377 qui
802 4309 836 4361 ad
855 4307 934 4361 Isidis
954 4307 1057 4361 cultum
1077 4311 1227 4376 spectantes
1246 4307 1322 4362 annis

149 4395 202 4448 449
221 4397 249 4448 et
266 4394 319 4448 453
340 4394 502 4465 (Boeckhius
521 4396 612 4451 ambos
631 4397 726 4451 tribuit
744 4413 812 4451 anno
831 4398 895 4467 453)
915 4398 994 4469 positi
1012 4401 1082 4453 sunt.
