3092 5000
615 347 826 409 ,15-

127 524 398 609 Sarmizegetusa,
429 525 514 587 haud
547 523 643 588 dubie
674 523 822 588 concludi
853 528 957 608 potest
988 525 1097 588 titulos
1124 524 1159 585 in
1192 523 1309 606 quibus

72 708 79 722 ι
129 632 222 696 deest
246 650 363 695 nomen
386 631 518 695 Sarmiz.
538 633 633 715 paulo
656 637 728 714 post
750 652 776 695 a.
800 632 863 695 110
880 652 909 714 p.
930 631 1000 694 Chr.
1021 636 1140 694 erectos
1164 650 1240 694 esse.
1322 644 1326 653 ·

222 739 302 802 Inde
326 739 365 801 ab
402 759 535 802 excessu
563 738 720 802 Hadriani
749 757 852 821 usque
880 738 919 801 ad
949 744 1091 822 tempora
1117 737 1309 802 Diocletiani

131 846 173 909 de
192 846 282 909 cultu
306 847 409 909 edocti
428 865 541 909 smnus
563 846 730 928 permultis
749 846 850 909 titulis
873 846 1058 929 praesertim
1077 845 1308 927 tauroboliaois,

131 973 272 1035 qnorum
297 959 381 1017 aetas
400 959 484 1017 certo
505 960 689 1037 argumento
714 952 839 1016 definIri
857 958 966 1036 potest.
991 953 1179 1034 priusquam
1202 958 1308 1016 autem

129 1061 356 1144 inscriptiones
390 1060 608 1144 explanandae
645 1066 732 1140 sunt,
772 1080 852 1142 opus
884 1063 932 1123 est
968 1078 1213 1122 commemorare
1245 1059 1308 1121 iam

132 1168 238 1230 medio
269 1168 335 1232 fere
363 1168 503 1231 secundo
533 1169 658 1231 saeculo
688 1172 793 1251 patres
823 1168 1050 1230 ecclesiasticos
1074 1168 1166 1229 utin
1190 1174 1308 1230 eeteros

130 1295 330 1358 paganorum
358 1276 476 1357 cultus,
506 1278 551 1339 ita
579 1276 674 1338 etiam
704 1275 738 1337 in
769 1273 901 1338 Matrem
929 1274 1078 1357 Magnam
1105 1273 1309 1338 vehementer

132 1383 276 1445 invectos
295 1402 378 1458 esse,
403 1389 498 1465 atque
518 1381 668 1445 Octavius
687 1382 820 1445 Minucii
839 1382 952 1445 llelicis
970 1383 1116 1466 apologia
1131 1380 1309 1444 ChrIstiana

133 1474 356 1571 antiquissima
388 1511 469 1574 quae
498 1489 590 1553 nobis
619 1491 733 1554 tradita
765 1497 813 1553 est
844 1489 985 1553 abundat
1014 1489 1119 1552 verbis
1148 1490 1308 1552 acenimis

133 1596 182 1676 (ct.
199 1616 287 1679 capp.
303 1598 332 1675 2,
352 1600 381 1660 4.
401 1599 453 1678 21,
476 1600 501 1662 1.
522 1599 573 1678 22,
596 1600 621 1661 1.
647 1600 698 1679 27,
719 1600 746 1661 6.
772 1599 824 1679 28,
845 1602 863 1660 7
888 1598 935 1662 ed.
952 1595 1077 1679 Vind.);
1102 1596 1229 1660 afferam
1249 1597 1309 1659 hoo

132 1704 203 1766 loco
224 1704 279 1766 illa
298 1704 395 1767 verba
415 1724 496 1787 quae
514 1706 665 1788 leguntur
684 1725 707 1768 c.
722 1707 775 1786 25,
795 1708 889 1787 esa:
915 1724 1009 1785 „sane
1028 1710 1058 1768 et
1067 1705 1154 1767 Acca.
1162 1703 1309 1768 Larentia

133 1815 166 1872 et
188 1809 295 1891 Flora,
324 1814 503 1897 meretrices
533 1806 761 1894 perpudiosae,
783 1813 866 1874 inter
889 1811 1015 1875 morbos
1037 1809 1254 1874 Romanorum
1278 1816 1309 1874 et

133 1918 211 1981 deos
230 1919 490 2001 comprobandae.
510 1921 562 1982 isti
579 1919 698 1982 scilieet
717 1920 869 1982 adversus
888 1924 1020 1999 ceteros,
1040 1921 1096 2001 qui
1114 1919 1147 1980 in
1160 1919 1308 2002 gentihus

132 2025 330 2107 colebantur,
354 2025 571 2089 Romanorum
593 2027 763 2110 imperium
782 2026 999 2109 protulerunt:
1024 2044 1128 2109 neque
1152 2027 1235 2088 enim
1255 2045 1309 2089 eos

132 2132 289 2195 adversus
312 2134 555 2201 suoslromiues
573 2134 625 2196 rel
643 2132 728 2197 Mars
746 2133 916 2195 Thracicus
939 2133 990 2195 vel
1008 2132 1149 2219 Iuppiter
1167 2131 1309 2196 Creticus

131 2239 186 2302 vel
210 2239 292 2302 Iuno
315 2259 403 2303 nunc
425 2240 561 2323 Argiva,
593 2260 681 2305 nunc
711 2239 829 2322 Samia,
859 2259 946 2302 nunc
976 2239 1095 2320 Poena,
1124 2240 1176 2303 vel
1206 2237 1309 2302 Diana

131 2346 267 2409 Taurica
286 2347 338 2409 vel
354 2346 457 2410 Mater
479 2348 574 2412 Idaea
593 2348 645 2412 vel
665 2348 824 2432 Aegyptia
842 2348 897 2410 illa
918 2367 983 2410 non
1006 2348 1139 2410 numina
1163 2348 1217 2410 sed
1237 2366 1309 2431 por·

133 2453 400 2535 tentafue1·unt,“
425 2461 456 2519 et
478 2457 574 2539 paulo
598 2461 682 2540 post:
707 2456 781 2538 „ubi
806 2461 911 2521 autem
935 2457 1036 2538 magis
1056 2475 1074 2518 a
1093 2454 1309 2519 sacerdotibus

133 2582 232 2644 quam
252 2563 335 2624 inter
354 2582 422 2625 aras
441 2568 472 2625 et
491 2563 622 2627 delubra
641 2564 865 2627 conducuntur
883 2569 1004 2645 stupra,
1028 2568 1203 2625 tractantur
1221 2562 1308 2624 leno-

133 2670 227 2748 cinia,
247 2668 401 2733 adulteria
419 2670 665 2753 meditanturP1)
684 2670 881 2754 frequentius
899 2670 1037 2751 denique
1055 2670 1089 2730 in
1109 2668 1308 2732 aedituorum

133 2778 271 2858 cellulIs,
302 2797 399 2858 quam
423 2779 457 2840 in
480 2778 557 2861 ipsis
582 2778 792 2861 lupanaribus
815 2776 953 2861 flagrans
976 2775 1073 2838 libido
1098 2765 1308 2858 defungiturss“

134 2905 232 2967 quem
263 2889 392 2947 secutus
416 2876 468 2948 ¹est
499 2886 589 2948 initio
613 2885 664 2947 ΙΙΙ
692 2886 810 2948 saeculi
838 2885 1063 2963 Tertullianus,
1097 2880 1153 2965 qui
1185 2902 1309 2946 summa

133 3012 208 3056 oum
228 2991 382 3074 gravitate
401 2996 432 3053 et
450 2991 632 3073 eloquentia
649 3011 762 3074 puram
781 2991 877 3054 fidem
892 2988 1104 3053 Christianam
1123 2990 1186 3053 illis
1204 2990 1309 3052 numi·

132 3100 232 3162 nibus
255 3117 452 3181 paganorum
475 3098 653 3162 libidinosis
677 3100 815 3182 opponit.
827 3097 851 3181 2)

229 3207 274 3269 Ac
298 3208 399 3289 primo
424 3206 553 3289 quidem
571 3208 676 3287 titulo,
701 3208 757 3289 qui
776 3207 869 3269 nobis
888 3206 1031 3284 occurrit,
1051 3205 1141 3268 Anat.
1159 3204 1243 3266 Inst.
1262 3205 1310 3267 40

139 3315 258 3398 (1868)
279 3335 315 3398 p.
340 3315 411 3375 367
428 3314 640 3397 dendrophori
661 3312 834 3394 Ostienses,
859 3332 939 3396 quos
958 3312 1067 3376 Matris
1084 3312 1218 3396 Magnae
1242 3311 1309 3374 cul·
1394 3341 1397 3356 ν

133 3428 205 3485 tum
225 3441 351 3484 curasse
370 3422 480 3484 ceteris
499 3421 600 3483 titulis
619 3421 660 3503 (p.
681 3423 754 3485 379.
775 3418 853 3502 399)
872 3421 948 3483 satis
971 3420 1156 3501 ostenditur,
1174 3420 1309 3502 impera·

133 3530 195 3592 tori
216 3527 342 3591 Caesari
364 3527 396 3590 T.
416 3528 508 3590 Aelio
528 3526 691 3590 Hadriano
709 3528 849 3590 Antonio
868 3528 951 3608 Aug.
970 3525 1066 3608 Pio,³)
1088 3526 1196 3609 pontif.
1216 3546 1309 3606 max,

226 3779 255 3846 1)
273 3778 380 3845 Ioseph.
391 3777 491 3845 antiqu.
503 3776 607 3842 XVIII,
619 3776 662 3832 13,
673 3777 697 3829 5.
719 3775 828 3830 (Mamas
840 3774 1099 3843 Hierosolymitanus
1112 3774 1146 3827 ad
1155 3773 1182 3828 S.
1190 3774 1310 3843 Gregorii

133 3869 216 3922 theol.
231 3886 257 3923 r.
271 3868 324 3921 267
344 3866 445 3936 (Migne
464 3867 556 3935 patrol.
572 3883 610 3936 gr.
621 3866 746 3919 XXVIII
764 3883 789 3934 p.
803 3865 878 3933 502).

226 3959 254 4025 2)
268 3958 337 4011 Adr.
348 3958 401 4009 nat.
414 3957 437 4023 1,
450 3956 490 4010 10.
504 3957 536 4008 ad
550 3958 619 4009 extr.
629 3956 664 4022 H,
678 3955 703 4008 8.
717 3954 785 4023 apol.
798 3955 832 4007 13
842 3970 881 4022 sq.
892 3954 925 4006 de
938 3969 1034 4008 corona
1044 3954 1068 4005 7.
1077 3953 1223 4007 adv.Maro.
1231 3953 1255 4020 1,
1268 3952 1308 4006 13.

226 4047 255 4116 3)
273 4046 313 4099 Ile
332 4046 449 4099 nummis
460 4045 587 4100 Antonini
600 4045 641 4098 Pii
654 4049 680 4098 et
689 4044 832 4098 Faustinae
851 4043 952 4110 uxone,
965 4043 992 4095 in
1006 4042 1102 4110 quibus
1114 4041 1201 4096 Mater
1212 4041 1309 4111 Magna

135 4137 234 4190 visitur
253 4136 286 4189 cl.
301 4135 410 4188 Eekhel.
424 4133 478 4188 VII
496 4153 521 4204 p.
535 4135 570 4188 39
591 4150 629 4203 sq.
650 4134 746 4188 Cohen.
760 4132 808 4200 211,
827 4151 852 4201 p.
866 4133 926 4186 417.
939 4132 1001 4185 431.
1014 4132 1075 4184 434.
1088 4130 1148 4184 439.
1168 4130 1228 4184 382.
1247 4131 1308 4184 399.

135 4224 422 4280 Friedlaender-Sollot
445 4225 492 4277 das
511 4223 563 4292 kgl.
584 4223 773 4276 miinzlrabinet
793 4221 878 4274 2Berl.
900 4221 969 4274 1877
987 4238 1011 4274 n.
1033 4220 1111 4274 1062.
1140 4220 1172 4272 (19
1191 4220 1308 4272 nummis

135 4317 170 4370 M.
185 4315 290 4370 Aurelii
310 4315 437 4367 Antonini
456 4314 488 4367 cf.
508 4313 632 4367 Mionnet.
646 4312 663 4365 l.
678 4312 695 4367 l.
709 4312 747 4365 IV
761 4330 786 4380 p.
801 4312 853 4366 116
871 4328 924 4379 sq.,
950 4311 982 4363 de
1000 4327 1026 4361 n.
1040 4309 1181 4362 Faustinae
1199 4309 1308 4362 minoris

136 4406 233 4460 Cohen.
248 4404 309 4458 ²111
327 4422 352 4473 p.
367 4403 426 4459 150.
447 4404 500 4457 164
517 4419 556 4472 sq.
