3092 5000
592 1223 790 1361 Caput
826 1226 897 1328 ll.

265 1418 316 1500 lle
344 1418 507 1521 reliquis
533 1418 649 1502 rebus
677 1418 725 1501 ml
754 1419 901 1502 cultum
928 1419 1222 1523 pertinentibus.

246 1602 296 1662 Ac
315 1601 454 1683 primum
473 1600 603 1683 quidem
622 1601 681 1663 hoc
700 1602 810 1684 capite,
833 1601 983 1683 quoniam
1002 1602 1093 1665 initio
1113 1602 1331 1665 dissertatiun-

150 1707 248 1769 culae
272 1707 407 1790 exposui
431 1706 572 1787 Cybelen
597 1707 760 1769 confusam
786 1727 853 1771 esse
883 1727 957 1771 cum
987 1708 1058 1771 aliis
1082 1708 1202 1772 deabus
1224 1710 1331 1791 Asiae,

150 1813 337 1895 videamus
361 1834 434 1877 cum
459 1814 576 1898 quibus
600 1814 817 1878 Romanorum
840 1816 1028 1878 numinibus
1052 1815 1170 1896 Cybele
1194 1821 1224 1880 et
1248 1817 1331 1880 Attis

152 1921 402 2004 coniungantur.
451 1923 628 2005 reperimus
656 1930 764 1986 autem
794 1924 854 1986 iria
880 1924 1027 2004 numina,
1059 1943 1140 2006 quae
1164 1925 1192 1986 ei
1215 1924 1332 1987 similia

151 2027 256 2090 fuisse
286 2028 435 2091 videntur
444 2032 481 2107 ¹);
516 2048 557 2092 ex
589 2029 783 2113 imaginibus
791 2033 813 2110 ²)
847 2031 932 2093 enim
964 2031 1155 2114 perspicitur
1187 2030 1331 2094 Cererem

154 2134 292 2197 eandem
321 2135 461 2198 habitem
490 2156 559 2199 esse
582 2157 601 2198 a
623 2135 776 2199 Romanis
807 2158 843 2199 ac
873 2136 1012 2217 Cybelen
1045 2142 1140 2220 atque
1163 2140 1332 2222 scriptores

153 2243 318 2322 narrant³l
351 2241 466 2305 Maiam
497 2244 548 2306 vel
581 2242 681 2327 Opem
711 2245 810 2307 fuisse
843 2245 973 2307 alteram
1008 2244 1142 2308 Matrem
1174 2244 1331 2329 Magnam.

156 2349 366 2431 quamobrem
399 2352 494 2414 etiam
527 2352 680 2435 explicari
711 2357 827 2435 potest,
860 2371 918 2415 cnr
948 2352 994 2414 tit.
1021 2351 1052 2415 C.
1077 2352 1101 2414 Ι.
1126 2351 1158 2416 L.
1182 2351 1243 2432 Vr,
1267 2355 1332 2416 499

156 2456 253 2520 Matri
283 2455 418 2541 Magnae
448 2464 478 2522 et
506 2456 643 2522 Hermae
675 2465 705 2522 et
735 2458 837 2522 Attidi
868 2460 990 2542 positus
1021 2454 1083 2537 siti
1112 2461 1333 2542 cognoscimus

156 2566 243 2646 enini
267 2563 399 2628 Matrem
425 2565 572 2648 Magnam
597 2566 747 2629 hocloco
779 2585 847 2629 esse
870 2565 1000 2646 Maiam,
1031 2586 1127 2647 quam
1151 2585 1224 2629 cum
1249 2565 1333 2630 Maia

156 2671 297 2734 Hermae
320 2679 420 2735 malm
444 2693 462 2735 a
484 2671 635 2735 Romanis
659 2674 864 2736 commixtam
888 2692 956 2736 esse
980 2676 1144 2748 constat.⁴)
1190 2671 1334 2736 Romana

158 2799 288 2862 quoque
308 2787 407 2843 aelate
425 2780 543 2844 factum
563 2788 623 2860 est,
643 2789 678 2844 ut
696 2780 797 2844 Mater
810 2780 926 2865 Magna
940 2782 991 2844 rel
1010 2800 1067 2865 pro
1083 2779 1187 2843 Diana
1205 2781 1257 2843 vel
1275 2799 1333 2863 pro

157 2886 304 2950 Minerva
324 2887 517 2951 Graecorum
536 2889 713 2970 haberetur,
738 2908 802 2970 quo
821 2888 978 2951 referendi
998 2894 1074 2951 sunt
1091 2889 1136 2952 tit.
1149 2886 1180 2950 C.
1195 2887 1219 2950 I.
1230 2884 1263 2950 L.
1274 2886 1333 2967 IX,

248 3118 275 3187 1)
296 3118 399 3184 Graeci,
419 3121 450 3171 ut
468 3118 519 3172 boc
538 3120 643 3187 addam,
654 3119 772 3187 Cybelen
787 3119 965 3171 confuderunt
980 3135 1042 3170 cum
1061 3117 1136 3170 Rhea
1151 3118 1183 3170 cf.
1195 3135 1220 3185 p.
1230 3117 1256 3183 3,
1271 3134 1333 3169 cum

157 3208 259 3261 Hecale
279 3208 312 3262 cl.
328 3208 411 3262 schol.
431 3209 564 3277 Lycophr.
578 3209 620 3263 77.
646 3208 801 3262 Theodorei.
815 3208 891 3261 Ther.
906 3224 985 3260 serm.
1007 3209 1030 3262 1.
1049 3207 1211 3260 Baumsbark
1231 3205 1333 3273 encycl.

157 3298 233 3351 Paul.
253 3315 274 3352 s.
294 3316 334 3366 u,
360 3315 422 3352 cum
448 3298 543 3352 Cerere
562 3314 657 3367 graeca
681 3299 714 3352 ef.
736 3298 872 3366 Euripidis
896 3297 969 3351 locos
994 3298 1057 3364 p.4
1080 3297 1140 3350 adn.
1161 3298 1185 3349 1.
1220 3296 1248 3347 in
1266 3295 1333 3349 locis

157 3390 295 3456 Aristoph.
309 3389 402 3441 Lemn.
416 3389 465 3458 frg.
479 3388 531 3441 332
551 3390 592 3443 ed.
606 3388 685 3442 iliud.
700 3391 727 3441 et
738 3387 808 3441 Plut.
823 3388 856 3441 de
875 3388 966 3440 virtut.
981 3386 1074 3440 muli)
1088 3385 1187 3455 Cybele
1205 3401 1335 3439 conversa

158 3495 218 3531 osse
237 3480 347 3532 videtur
365 3479 392 3531 in
411 3479 523 3532 formam
542 3478 689 3532 Artemidis
707 3477 878 3531 Brauroniae.

249 3569 277 3638 2)
298 3567 729 3634 Of.Muolle1·-Wieselorllll,
748 3567 829 3634 807*,
854 3583 907 3635 quo
926 3565 1025 3634 Cybele
1044 3582 1060 3618 a
1078 3565 1200 3619 leonibus
1219 3564 1334 3617 circum·

158 3660 223 3712 (lata
242 3660 354 3713 dextera
378 3659 465 3727 spicas
484 3661 511 3711 et
535 3674 654 3727 papaver
678 3660 771 3710 tenens
798 3656 972 3724 conspicitur3
1001 3658 1028 3708 et
1052 3656 1130 3708 Livia
1153 3670 1259 3722 quoque
1284 3653 1334 3705 sub

157 3750 273 3818 imagine
293 3749 406 3817 Cybeles
425 3748 506 3816 spicis
520 3747 628 3801 'Cereris
647 3749 771 3801 ornatum
790 3748 831 3798 est
850 3746 883 3799 ci.
904 3763 929 3813 p.
943 3746 985 3799 11.
1006 3744 1033 3798 C.
1048 3744 1069 3796 l.
1083 3744 1113 3797 L.
1127 3743 1160 3810 V,
1181 3742 1232 3795 736
1250 3741 1286 3795 Μ.
1300 3742 1333 3794 n.

157 3839 193 3893 M.
208 3838 330 3892 Cereriae
349 3841 442 3891 votum
461 3837 542 3890 solvit
558 3836 676 3890 Frulicia
694 3835 829 3904 Thymele.

247 3930 276 3998 3)
296 3928 413 3982 Macrob.
427 3929 451 3993 1,
466 3928 507 3995 12,
521 3927 556 3980 20
569 3943 607 3995 sq.
627 3926 728 3980 Arnnb.
742 3926 767 3992 3,
781 3926 816 3978 32
830 3925 863 3980 cf.
877 3924 985 3978 Temnll.
1000 3924 1061 3976 adv.
1075 3925 1129 3975 nat.
1143 3921 1178 3986 ΠῚ
1193 3922 1235 3975 12.

247 4020 276 4079 e
296 4017 399 4071 Preller
416 4020 482 4071 riim.
502 4017 587 4085 mymh.
609 4015 651 4084 lp.
671 4016 732 4069 597.
751 4015 872 4069 Mionnel
888 4014 936 4081 IV,
956 4013 1009 4066 166
1027 4027 1079 4080 qne
1099 4009 1198 4078 Cybele
1216 4009 1334 4063 Hermen

156 4113 267 4166 sinistra
286 4125 369 4162 manu
387 4111 466 4161 tenet.
495 4106 589 4160 Jhrbb.
603 4107 628 4161 d.
640 4106 745 4159 vereins
758 4122 784 4158 v.
799 4103 971 4158 ulterbnmsfr.
985 4102 1024 4154 im
1036 4099 1141 4154 Rheinl.
1152 4098 1250 4158 XXIII
1263 4117 1288 4166 p.
1300 4099 1334 4151 53

155 4204 209 4257 lab.
223 4202 275 4268 ill,
295 4199 342 4252 ubi
354 4198 441 4251 Mater
453 4196 550 4265 Magna
562 4197 589 4248 in
603 4196 711 4248 sinistra
722 4197 798 4263 parba
817 4193 999 4248 circumdatur
1011 4191 1044 4244 ab
1056 4190 1164 4255 Hermo,
1184 4188 1210 4239 in
1224 4189 1335 4240 dextera

155 4294 188 4346 ab
208 4291 312 4345 Attide.
337 4289 385 4341 iix
409 4290 498 4340 autem
524 4287 574 4339 hoc
592 4285 618 4337 io
645 4286 771 4353 prostypa
790 4283 960 4352 cogiianlnm
980 4275 1335 4333 cateloHe1·1nc·Cndmilo

155 4385 256 4454 (Conco
277 4378 392 4433 arohool.
408 4381 459 4446 ztg.
475 4376 545 4429 1880
557 4393 582 4443 p.
598 4376 611 4432 l
627 4374 686 4443 sq).
