3092 5000
631 317 842 378 -9-

142 509 190 554 zu
211 491 270 555 der
301 492 352 555 die
380 493 551 575 regiorung
581 493 731 555 uibraud
762 493 818 555 der
846 494 963 557 letuten
993 494 1118 577 beugen
1145 493 1236 573 jabre
1267 493 1323 555 des

142 598 411 662 hannibalischen
430 599 537 682 kriegs
556 599 624 661 sich
644 599 728 666 hatte
747 601 914 663 verstehen
934 606 1065 663 miissen
1082 600 1130 683 (R.
1143 599 1229 681 ufir,
1246 599 1323 682 865)

144 710 180 769 et
198 707 259 768 viri
275 706 362 769 docti
382 705 609 789 Francogallici
625 706 904 790 Bouche-Leclcrq
924 710 957 770 in
975 709 995 771 l.
1006 709 1026 771 l.
1037 714 1057 771 t.
1072 708 1120 770 IV
1136 729 1165 791 p.
1181 710 1246 772 298
1261 728 1321 790 sq.:

143 813 180 877 la
203 813 320 894 sibylla
347 813 477 897 infligea
503 815 606 878 meme
634 835 699 878 aux
722 814 890 897 Romains,
921 835 995 878 sans
1025 816 1122 879 doute
1151 835 1232 899 pour
1254 817 1325 878 leur

144 920 274 984 donner
296 940 342 984 un
366 940 516 984 nouveau
545 923 619 985 trait
643 922 681 985 de
705 923 937 986 ressemblance
967 942 1044 986 avec
1067 924 1114 986 les
1140 924 1324 1005 Atheniens

143 1046 213 1090 une
237 1027 293 1090 des
314 1028 538 1110 superstitious
562 1029 608 1092 les
631 1029 705 1112 plus
728 1031 964 1114 antipatbiques
991 1049 1033 1093 an
1057 1031 1150 1114 genie
1172 1030 1324 1111 national,

143 1134 178 1196 le
202 1134 288 1197 culte
310 1136 507 1217 orgiastique
531 1136 570 1199 de
593 1137 624 1199 la
648 1135 877 1201 Grande-Mero
897 1137 1109 1221 PhrygIenne.

238 1238 356 1316 Quanti
375 1261 451 1309 vcro
468 1241 579 1306 Matris
594 1241 729 1327 Magnae
747 1244 854 1307 cultus
874 1244 1056 1307 aestimatus
1075 1246 1117 1306 sit
1135 1243 1324 1324 chmanis‚

144 1348 251 1430 liquet
279 1368 321 1412 ex
350 1350 391 1413 iis
424 1370 506 1432 quae
536 1351 673 1434 legimus
703 1351 788 1434 apud
815 1350 883 1414 Liv.
909 1350 1090 1433 XXXVII,
1120 1352 1154 1432 9,
1180 1353 1198 1414 8
1223 1370 1268 1432 sq.
1293 1356 1324 1412 et

144 1455 323 1536 Polybium
346 1455 444 1539 XXI,
469 1460 502 1538 6,
528 1462 545 1520 7
576 1457 623 1519 ed.
647 1457 795 1521 Hultsch.
825 1478 900 1521 cum
930 1460 1017 1521 enim
1039 1457 1150 1521 Livius
1173 1460 1208 1520 in
1240 1456 1323 1520 bello

144 1568 259 1626 conus
281 1564 476 1628 Antiochum
498 1569 587 1648 gesto
609 1564 654 1647 (u.
677 1567 789 1629 11564
813 1564 930 1630 110111.
954 1567 1026 1646 190)
1051 1566 1161 1628 decem
1183 1564 1323 1627 navibus

144 1672 183 1733 iu
199 1671 337 1735 statione
356 1678 464 1735 contra
483 1672 637 1753 Abydum
656 1673 773 1736 relictis
793 1693 865 1736 oum
885 1679 990 1737 cetera
1012 1674 1113 1736 classe
1136 1679 1177 1736 ad
1197 1672 1324 1735 Sestum

146 1778 397 1861 oppugnandam
425 1778 688 1862 proficisceretur,
721 1779 804 1843 ualli
834 1781 898 1843 duo
929 1800 1002 1843 cum
1034 1781 1181 1843 sollemni
1213 1778 1324 1841 habitu

146 1884 245 1969 (μετὰ
269 1884 381 1947 τύπων
404 1882 461 1949 καὶ
480 1881 745 1974 προσνηθιὸίων)
763 1887 902 1950 adeum
922 1892 1080 1949 venerunt
1098 1905 1237 1968 eumque
1256 1904 1324 1948 ora·

145 1998 278 2073 verunt,
309 1997 346 2055 ut
367 1998 509 2076 parceret
539 1993 626 2072 urbi;
658 2013 797 2076 quorum
826 1993 974 2077 precibus
1003 1999 1166 2076 permotus
1189 1995 1230 2056 iis
1252 2012 1324 2076 pro

146 2100 237 2163 misit
255 2102 414 2163 neminem
434 2121 452 2163 a
472 2119 505 2163 se
524 2101 679 2163 violatum
697 2102 752 2180 iri3
779 2101 984 2184 quamobrem
1004 2102 1127 2165 incolae
1147 2120 1216 2164 sese
1236 2100 1323 2162 dedi·

147 2207 273 2270 derunt.
298 2227 382 2270 anuo
400 2227 476 2270 vero
496 2213 566 2290 post
584 2208 644 2270 Gn.
664 2207 782 2271 Manlio
802 2208 843 2271 M.
863 2208 977 2271 Fulvio
1002 2227 1080 2271 coss.
1100 2209 1140 2271 ad
1159 2207 1324 2288 Manlium,

145 2315 208 2397 qui
225 2321 355 2398 pontem
372 2315 447 2378 fecit
464 2315 498 2377 in
517 2315 650 2378 flumine
670 2315 833 2399 Sangario,
857 2317 946 2379 missi
965 2321 1042 2379 sunt
1059 2315 1135 2398 galli
1155 2314 1194 2377 ab
1214 2315 1324 2377 Attide

148 2428 181 2485 et
208 2421 339 2486 Buttaoe
367 2422 586 2486 sacerdotibus
615 2421 726 2486 Matris
755 2423 851 2486 deum
879 2423 1101 2487 Pessinuntius
1130 2422 1325 2485 sollemniter

147 2531 269 2613 vestiti,
293 2532 351 2613 qui
373 2531 539 2593 victoriam
561 2531 610 2593 illi
637 2532 854 2614 praedicerent
877 2531 1000 2613 (Polyb.
1019 2530 1118 2612 XXI,
1142 2534 1194 2611 37,
1217 2530 1260 2611 b).
1291 2531 1324 2592 in

147 2638 235 2701 idem
258 2637 322 2701 fere
345 2642 471 2721 tempus
495 2637 614 2701 cadunt
637 2638 836 2721 epistolae,1)
869 2639 989 2720 quibus
1013 2637 1235 2722 cognoscimus
1258 2635 1324 2698 llu-

148 2763 277 2808 menem
300 2744 332 2808 H
356 2751 388 2809 et
410 2745 557 2808 Attalum
579 2744 626 2826 ΙΙ,
651 2764 742 2827 reges
764 2744 979 2829 Pergamenos
1001 2745 1199 2808 familiariter
1222 2744 1324 2826 egisse

148 2870 226 2914 cum
248 2852 358 2915 Attide
380 2852 552 2932 sacerdote,
575 2856 612 2914 ut
636 2850 806 2933 Galatiam,
832 2872 914 2934 quae
937 2854 978 2915 iis
1002 2858 1108 2935 erepta
1131 2857 1209 2933 erat,
1232 2869 1323 2913 recu-

147 2964 311 3042 perarent3
344 2979 408 3041 qua
437 2979 472 3023 re
502 2958 636 3022 Romani
668 2959 834 3042 prohibere
863 2960 1045 3042 studebant,
1077 2978 1118 3022 ne
1149 2960 1197 3022 illi
1228 2961 1324 3023 nimis

148 3072 294 3151 petentes
316 3066 428 3130 fierent
450 3068 484 3129 in
515 3068 593 3130 Asia
621 3070 743 3130 minore
771 3067 962 3149 (Mommsen
985 3067 1021 3129 R.
1046 3066 1103 3129 G.⁶
1121 3067 1167 3149 ΙΙ,
1191 3069 1233 3131 50
1257 3071 1323 3151 sq.).
1383 3141 1393 3156 ἱ

146 3175 296 3257 graviora
319 3179 426 3237 autem
445 3181 519 3238 sunt
535 3194 587 3256 ea,
608 3195 689 3257 quae
708 3182 840 3238 narrant
853 3174 1013 3238 Diodorus
1027 3176 1081 3259 (fg.
1093 3173 1251 3256 XXXVI,
1270 3175 1323 3257 13)

146 3286 181 3344 et
200 3279 391 3346 Plutarchus
409 3280 542 3362 (Marius
564 3281 617 3363 17)
637 3282 677 3345 ad
696 3303 722 3347 a.
743 3285 893 3347 1111652
914 3304 939 3346 a.
956 3282 1025 3347 Cirr.
1047 3285 1108 3347 102
1125 3283 1323 3366 pertinentia,

150 3407 214 3471 quo
239 3387 384 3452 Battaces
411 3390 556 3452 sacerdos
586 3390 662 3453 deae
685 3389 908 3454 Pessinuntius
932 3392 1010 3454 alter
1032 3390 1237 3474 EpImenides
1259 3390 1323 3453 Ro·

148 3515 236 3558 mam
259 3496 346 3559 venit
369 3495 479 3578 ibique
501 3498 661 3559 nuntiavit
684 3498 801 3581 templo
825 3499 941 3561 violato
969 3498 1097 3581 publice
1119 3499 1323 3582 purgationes

149 3603 310 3666 faciendas
327 3622 405 3666 esse.
423 3603 596 3666 sacerdotis
615 3605 840 3668 vestImsntum
857 3605 1018 3668 Diodorus
1037 3607 1056 3669 l.
1067 3606 1087 3668 1.
1100 3605 1145 3668 sic
1162 3605 1321 3688 depmxit:

148 3708 259 3797 ἐφόρει
284 3706 320 3772 δὲ
352 3706 479 3795 ἐσθῆτα
508 3707 565 3774 καὶ
598 3711 656 3798 τὴν
685 3708 762 3797 περὶ
793 3712 831 3775 τὸ
864 3726 958 3793 σῶμα
992 3702 1092 3798 ἄλλην
1123 3711 1324 3798 κατασκευὴν

150 3813 387 3904 ἐξηλλαγμένην
410 3814 466 3880 καὶ
490 3818 556 3881 ὑπὸ
580 3832 644 3881 τῶν
668 3809 837 3901 Ῥωμαίων
860 3817 949 3882 ἐθῶν
974 3817 1031 3883 oda
1055 3815 1322 3906 ἕντιχωρονμένην·

148 3934 283 4011 ymanus
307 3948 342 3988 τε
365 3924 425 4011 γὰρ
449 3922 609 4012 στέφανον
630 3917 712 4006 εἶχεν
735 3925 941 4015 ὑπερμεγέθη
965 3925 1022 3991 καὶ
1044 3926 1163 4014 στολὴν
1185 3922 1324 4014 ἀνθίνην

150 4030 329 4117 διάχρυσον,
362 4031 534 4121 βασιλικὴν
565 4029 661 4110 ἀξίαν
693 4030 941 4121 §arpalum-aaa
989 4056 1061 4098 cum
1095 4054 1170 4099 vero
1203 4035 1257 4097 ille
1288 4036 1323 4097 in

239 4193 266 4263 1)
286 4191 435 4245 Ediderunt
454 4207 499 4246 eas
518 4192 621 4260 primus
639 4192 810 4247 Mordtmann
827 4194 856 4246 in
875 4194 1041 4261 „Mdnclrner
1058 4193 1233 4264 sitzungsber.
1253 4193 1323 4246 1860

149 4301 173 4352 p.
194 4282 247 4337 180
267 4282 325 4350 εη.“
344 4297 406 4335 eum
426 4281 631 4349 commentario,
657 4282 725 4335 altar
742 4283 943 4337 Domaszewski
960 4284 988 4335 In
1007 4282 1139 4350 „architob
1159 4283 1239 4354 epigr.
1260 4283 1321 4338 mit-

149 4372 286 4443 teilungen
305 4386 353 4423 aus
373 4360 495 4425 Ostrcieh
513 4372 582 4425 VIII
601 4372 693 4442 (1884)
713 4390 737 4442 p.
757 4372 908 4427 95-1011ι
