3092 5000
722 342 933 404 .-22—

239 519 301 602 Pii]
310 516 325 605 )
347 518 410 582 Fel.
430 519 514 601 Aug.
539 518 665 603 et[i1np.
685 518 830 583 Caesaris
854 519 886 583 C.
905 519 982 582 Vibi
1001 520 1107 582 Asinii
1126 516 1245 605 Galli]s
1263 518 1429 582 Veldnm-

240 628 339 711 [niani
358 626 528 689 Volusiani
557 626 607 690 Pii
630 625 729 714 reip
747 629 831 711 Aug.
859 628 1043 712 tot[iusque
1066 627 1180 690 domus
1204 628 1333 689 divinae
1356 626 1404 709 et]
1411 624 1429 712 s

241 734 347 798 Senati
372 734 440 818 [pro
465 738 549 797 statu
572 736 715 798 coloniae
739 734 906 818 Ostiensis]
912 733 928 821 s
951 755 992 798 ex
1017 735 1161 817 [imperio
1185 733 1298 796 Matris
1323 734 1428 797 deum

241 842 512 926 adendrophoris
536 841 748 926 Ostiensibus]
754 842 770 929 s
794 842 1009 927 S[aoerdote?
1029 891 1197 907 .......
1200 841 1220 925 ].

332 948 442 1012 Gallus
470 955 576 1013 autem
606 955 637 1013 et
661 949 858 1013 Volusianus
883 951 1089 1032 imperaturus
1118 954 1207 1013 erant
1235 949 1327 1013 aba
1353 951 1423 1012 251

242 1076 346 1140 usque
369 1057 409 1119 ad
433 1077 459 1120 a.
479 1059 553 1120 254.

331 1164 400 1227 lam
432 1183 507 1227 vero
540 1170 739 1227 transeamus
773 1165 812 1227 ad
844 1163 1093 1245 Diocletianum,
1132 1165 1225 1227 cuius
1258 1165 1355 1227 aetati
1388 1164 1426 1225 hi

243 1272 329 1334 tituli
352 1271 536 1354 assignandi
560 1276 650 1333 sunt:

336 1377 368 1440 O.
394 1378 422 1440 Ι.
449 1377 489 1440 L.
515 1377 566 1457 X,
593 1377 721 1461 36981)
752 1376 930 1458 Cumanus,
961 1397 1024 1460 quo
1057 1378 1229 1441 edocemur
1260 1397 1426 1440 consensu

244 1488 387 1549 onmium
411 1486 574 1548 inlocum
597 1484 747 1548 Restituti
770 1486 889 1548 mortui
911 1483 1071 1548 Licinium
1095 1484 1294 1561 Secrmdum,
1318 1505 1425 1547 sacer-

245 1594 350 1656 dotem
379 1592 489 1656 Matris
514 1593 591 1656 deae
622 1592 763 1656 Baianae
793 1598 934 1656 creatum
963 1611 1032 1655 esse
1054 1592 1096 1654 M.
1120 1592 1243 1676 Magrio
1266 1593 1367 1655 Basso
1391 1597 1427 1655 et

245 1699 277 1766 L.
288 1700 432 1783 Ragonio
452 1699 623 1775 Quintiano
643 1698 830 1763 consulibus
848 1698 917 1762 Kal.
934 1699 1004 1762 Iun.
1020 1700 1061 1783 (d.
1081 1703 1097 1762 1
1118 1720 1157 1762 m.
1177 1700 1266 1762 Iunii
1284 1721 1310 1762 a.
1331 1699 1424 1781 289).

338 1807 369 1870 0.
384 1807 412 1871 Ι.
425 1807 464 1871 L.
480 1808 535 1888 VJ,
559 1810 632 1870 505
649 1808 848 1889 notissimae,
869 1825 965 1889 quem
984 1805 1017 1869 L.
1032 1806 1199 1870 Cornelius
1218 1807 1324 1890 Scipio
1333 1807 1372 1869 V.
1389 1806 1424 1870 C.

246 1937 359 1998 augur,
383 1918 475 1980 cuins
494 1936 610 1979 nomen
629 1916 712 1979 redit
729 1915 765 1977 in
784 1916 828 1978 tit.
849 1914 1064 1977 tauroboliaco
1083 1915 1227 1977 eiusdem
1246 1915 1424 1977 voluminis

247 2026 325 2105 506,
356 2026 459 2088 erexit
487 2024 665 2087 taurobolio
695 2024 763 2086 sive
791 2022 943 2086 criobolio
972 2021 1022 2084 III
1047 2021 1116 2085 Kal.
1144 2021 1233 2087 Mart.
1258 2023 1361 2085 Tusco
1391 2028 1425 2084 et

247 2132 424 2194 Annullino
449 2131 635 2195 consulibus
658 2131 700 2215 (d.
721 2133 763 2194 26
783 2150 823 2193 m.
843 2129 932 2193 Febr.
957 2151 982 2192 a.
1002 2130 1081 2212 295)
1104 2130 1251 2213 perfecto.

336 2240 486 2303 Attamen
512 2241 699 2323 priusquam
726 2257 856 2321 pergam
884 2237 924 2299 de
953 2237 1053 2300 titulis
1083 2237 1256 2319 disputare,
1285 2237 1423 2299 Arnobii

247 2347 344 2410 libros
353 2346 419 2409 VII
437 2348 590 2410 adversus
608 2334 753 2409 nationes
772 2346 966 2427 conscriptos
985 2344 1126 2425 afferam,
1151 2364 1288 2426 quorum
1308 2345 1422 2426 quinto

247 2453 447 2518 Timotheum
465 2455 648 2538 theologum
667 2457 797 2517 secutus
820 2472 884 2515 non
903 2452 997 2516 modo
1022 2452 1177 2534 originem
1196 2454 1297 2515 nostri
1316 2451 1422 2514 cultus

249 2563 409 2645 explicare
428 2562 546 2642 studet,
570 2562 626 2625 sed
650 2562 745 2624 etiam
764 2561 895 2643 castigat
917 2559 1148 2643 impudicitiam
1167 2558 1422 2640 foeditatemque,

249 2690 332 2752 quae
349 2671 462 2732 insunt
479 2670 514 2730 in
533 2688 583 2747 eo;
604 2673 701 2750 atque
720 2687 844 2730 summo
864 2686 937 2729 eum
960 2666 1064 2729 taedio
1091 2667 1263 2729 exclamat:
1292 2685 1310 2728 o
1333 2665 1422 2729 fabu-

250 2778 310 2840 lam
336 2779 430 2840 sexui
452 2777 615 2838 inimicam
642 2794 767 2858 semper
791 2780 885 2856 atque
913 2774 1151 2837 infestissimam
1174 2772 1422 2853 masculinam

250 2905 314 2966 qua
337 2903 428 2947 secus
446 2885 538 2947 virile
560 2902 626 2945 non
645 2883 749 2945 solum
772 2882 918 2944 homines
936 2886 1073 2964 ponunt,
1097 2880 1152 2943 sed
1171 2881 1309 2964 pecudes
1329 2881 1422 2943 etiam

249 2991 332 3054 fiunt
356 3011 397 3055 ex
420 2991 563 3054 maribus
586 2996 710 3053 matres.

340 3098 473 3162 Restant
491 3100 589 3182 igitur
606 3097 692 3160 tituli
711 3098 767 3179 qui
787 3100 930 3179 spectant
949 3096 989 3158 ad
1008 3101 1158 3177 quartum
1176 3116 1204 3178 p.
1225 3093 1296 3157 our.
1316 3115 1421 3158 saecu-

250 3208 326 3271 lum.
351 3226 387 3269 ac
410 3207 532 3289 primus
556 3205 688 3287 quidem
710 3204 824 3266 titulus
852 3202 883 3265 C.
903 3202 930 3265 I.
948 3202 990 3293 L.v
1009 3201 1067 3282 VI,
1087 3204 1158 3264 497
1176 3201 1270 3264 Matri
1289 3201 1421 3286 Magnae

251 3336 270 3377 a
294 3314 376 3377 Iulio
399 3314 510 3376 italico
533 3312 571 3376 V.
600 3311 631 3377 O.
659 3311 912 3394 quiadecimriro
940 3312 1038 3373 sacris
1065 3309 1223 3372 faciundis
1246 3310 1420 3372 taurobolio

250 3424 385 3486 feliciter
411 3426 558 3504 percepto
588 3419 770 3482 Constantio
800 3425 832 3480 et
861 3417 1056 3481 Maximiano
1085 3416 1274 3480 Caesaribus
1297 3417 1327 3479 V
1351 3437 1420 3480 con-

252 3530 376 3595 sulibus
400 3527 515 3591 XVIII
538 3526 607 3592 Kal.
631 3526 731 3589 Maias
756 3526 796 3608 (d.
824 3529 865 3589 14
883 3547 923 3587 m.
943 3526 1044 3607 April.
1069 3545 1094 3587 a
1115 3527 1191 3604 305)
1219 3526 1342 3607 positus
1370 3531 1419 3588 est.

251 3657 337 3702 nono
360 3640 432 3720 post
455 3655 540 3699 anno
560 3635 766 3698 Constantino
791 3639 821 3697 et
839 3632 1034 3695 Maximiano
1052 3631 1103 3695 ΠΙ
1122 3632 1309 3695 consulibus
1328 3631 1420 3695 XVII

253 3746 323 3810 Kal.
342 3745 442 3808 Maias
467 3744 509 3828 (d.
531 3746 571 3808 15
590 3764 630 3808 m.
650 3743 751 3826 April.
771 3762 797 3805 a.
818 3741 896 3823 313)
919 3740 1133 3804 taurobolium
1156 3741 1231 3803 fecit
1250 3740 1281 3803 C.
1299 3739 1420 3823 Magius

252 3852 397 3917 Donatus
416 3852 607 3916 Severianus
626 3851 664 3913 V.
678 3849 720 3932 (I,
738 3854 828 3933 pater
846 3868 1009 3912 sacrorum
1031 3848 1142 3911 invicti
1160 3847 1304 3928 Mithrae,
1325 3849 1420 3911 hiero-

252 3964 385 4045 phantas
408 3959 515 4023 Liberi
538 3960 637 4042 patris
660 3964 691 4021 et
713 3957 922 4020 Hecatarum:
952 3955 984 4019 Ο.
1006 3955 1035 4018 Ι.
1057 3955 1096 4018 L.
1113 3955 1167 4035 VI,
1191 3959 1213 4018 5
1218 3958 1263 4018 07
1266 4006 1272 4018 .
1299 3957 1421 4019 maioris

343 4228 370 4301 1)
390 4230 428 4283 uf.
443 4246 468 4296 p.
481 4228 524 4281 47.
562 4227 602 4280 tit.
617 4225 645 4279 O.
658 4225 678 4278 I.
692 4225 722 4279 L.
736 4225 812 4292 Vin,
832 4225 902 4278 8457
922 4224 1072 4277 Sitifensem
1091 4239 1144 4276 non
1157 4222 1312 4275 enumeravi
1324 4222 1352 4274 in
1364 4240 1422 4276 eon-

253 4322 342 4388 textn,
363 4318 426 4388 quia
443 4317 519 4370 nobis
538 4316 617 4369 valde
636 4315 777 4367 mutilatus
796 4316 837 4367 est
854 4314 983 4380 traditus3
1002 4316 1108 4366 erectus
1128 4314 1169 4365 est
1187 4328 1255 4365 anno
1275 4312 1422 4379 proxinciae

255 4409 307 4462 249
325 4409 341 4462 i.
357 4424 379 4461 e.
393 4424 416 4461 a.
431 4406 483 4460 288
496 4423 521 4473 p.
536 4405 597 4459 eur.
612 4406 645 4460 cf.
658 4404 763 4472 Marqu.
777 4403 795 4456 l.
809 4403 889 4471 l.Ip,
903 4403 964 4457 324.
1033 4411 1035 4415 '
