3092 5000
638 380 674 387 -
720 344 760 403 ut
807 379 844 385 --

141 523 206 585 sed
239 524 428 606 sanguinem
462 540 575 583 eaerno
607 526 791 602 perceptum
825 538 892 581 csse
925 538 942 580 a
975 518 1135 580 sacerdote
1169 518 1325 591 maximo3
1436 518 1439 523 '

140 634 218 692 tum
244 629 462 691 adnotandum
493 634 540 691 est
563 626 627 689 XV
652 628 736 689 viros
766 646 830 688 non
854 627 957 688 solum
986 626 1116 702 afuisse,
1146 624 1202 686 sed
1233 624 1326 685 etiam

140 737 318 799 tradidisse
346 735 559 798 taurobolium
590 731 843 815 crioboliumque
876 734 928 812 (ci.
948 731 980 794 C.
1004 731 1028 793 l.
1052 731 1084 794 L.
1105 730 1169 812 lx,
1200 731 1293 793 1538.
1304 730 1327 799 q

144 844 359 920 rate-42).
401 841 538 904 feminae
561 842 660 924 igitur
683 840 806 902 nobiles
830 839 952 902 labores
977 838 1146 902 taurobolii
1162 856 1232 899 -nen
1258 856 1327 898 sus-

142 951 273 1032 cepisse
296 949 453 1012 videntur.

240 1056 308 1119 lam
327 1075 401 1122 vere
422 1057 639 1139 quaerendum
659 1062 718 1133 est,
742 1075 806 1137 quo
826 1061 965 1137 tempore
985 1053 1161 1116 taurobolia
1179 1070 1327 1114 consum-

141 1169 236 1226 mata
266 1165 329 1225 sint
358 1168 500 1246 quotque
530 1183 631 1225 annos
665 1163 830 1225 valuerint.
872 1161 955 1223 haud
987 1160 1083 1223 dubie
1113 1159 1214 1222 titulis
1244 1157 1327 1240 Lug-

143 1271 349 1333 dunensibus
369 1270 547 1333 ostenditur
565 1290 602 1332 ea
620 1276 675 1332 ent
694 1288 749 1351 per
769 1273 919 1351 quattuor
938 1268 1005 1329 dies
1024 1266 1136 1346 (Boiss.
1156 1286 1184 1348 p.
1203 1267 1253 1328 28.
1273 1265 1326 1342 36)

144 1384 205 1440 arat
229 1398 285 1460 per·
307 1384 370 1440 tres
391 1377 501 1456 (Beiss.
521 1398 549 1460 p.
568 1379 621 1455 33)
640 1382 766 1459 peraeta
789 1395 873 1440 esse:
899 1381 1038 1437 attamen
1061 1394 1135 1436 cum
1159 1375 1191 1435 in
1215 1372 1327 1434 ceteris

146 1486 208 1567 qui
239 1491 349 1548 extant
377 1486 479 1548 titulis
510 1503 671 1566 nusquam
704 1484 782 1545 haec
815 1483 964 1565 temporis
997 1483 1097 1564 spatia
1129 1480 1328 1562 reperiantur

145 1599 248 1675 atque
271 1613 310 1655 ex
336 1593 499 1655 nonnullis
523 1592 652 1675 (Gruter
675 1589 791 1669 XXX,
819 1597 843 1654 1.
865 1595 893 1653 4,
914 1593 960 1653 5.’
977 1589 1158 1651 Wilmanns
1183 1607 1231 1649 ex.
1255 1588 1326 1648 124,

147 1698 203 1763 Or.
224 1702 322 1779 2331)
353 1700 603 1763 luculentissime
627 1705 776 1781 appareat
807 1717 870 1759 nno
895 1698 946 1760 die
969 1696 1127 1779 permulta
1150 1693 1328 1757 taurobolia

145 1807 232 1869 facta
262 1827 342 1887 esse,
376 1807 520 1869 conicere
549 1806 623 1868 lieet
653 1825 725 1868 eum
758 1804 943 1867 tauroboliis
973 1805 1005 1865 iu
1030 1804 1084 1865 illa
1114 1802 1239 1864 colonia
1266 1801 1329 1863 alia

147 1917 302 1995 mysteria
312 1918 334 1993 2)
366 1914 465 1977 fuisse
498 1913 674 1975 coniuncta.
718 1911 804 1994 quod
839 1918 944 1973 autem
977 1912 1088 1972 attinet
1120 1910 1158 1971 ad
1192 1909 1327 1971 alterum

148 2006 228 2084 satis
252 2022 458 2085 confirmatur
481 2029 512 2084 et
536 2042 554 2083 a
577 2019 785 2102 seriptoribus
809 2031 853 2101 tp.
875 2018 931 2085 nti
950 2025 981 2080 et
1004 2017 1104 2080 titulis
1128 2015 1173 2099 (C.
1189 2015 1212 2077 I.
1228 2013 1328 2094 L.Vl,

148 2130 225 2192 604.
251 2132 324 2193 614,
363 2128 441 2212 Eph.
468 2130 563 2211 epigr.
589 2127 651 2208 ΠΙ,
676 2130 709 2207 2,
741 2148 805 2209 quo
836 2146 908 2189 eum
934 2125 1131 2187 Mommseno
1156 2123 1327 2186 consentio.

149 2234 183 2298 C.
202 2235 225 2299 I.
246 2234 278 2298 L.
287 2235 350 2323 ⁴Vl,
374 2237 447 2298 510.
475 2234 551 2316 736)
575 2234 788 2296 taurobolium
813 2234 955 2316 riguisse
979 2239 1035 2294 aut
1057 2249 1113 2314 per
1136 2229 1203 2292 XX
1227 2249 1327 2291 annos

149 2344 265 2405 autin
289 2347 461 2405 aeternum.

242 2449 389 2534 Denique
412 2451 436 2512 ii
460 2449 665 2513 enunierandi
692 2454 767 2512 sunt
792 2449 847 2532 qui
871 2453 926 2510 aut
949 2467 1006 2530 pro
1031 2447 1101 2509 aliis
1125 2445 1169 2528 (a)
1193 2451 1248 2508 aut
1271 2464 1327 2527 pro

150 2578 186 2620 se
211 2557 252 2638 (b)
276 2557 453 2621 taurobolia
475 2557 634 2620 fecerunt:

193 2663 223 2746 a)
242 2663 274 2726 L.
297 2665 453 2727 Aemilius
478 2664 598 2747 Carpus
622 2663 722 2726 Boiss.
742 2684 771 2746 p.
792 2667 835 2727 24
858 2671 898 2744 (a.
921 2664 984 2728 160
1003 2684 1030 2746 p.
1052 2661 1144 2731 Chri.

243 2770 276 2847 Q.
297 2774 425 2854 Aquius
450 2772 652 2834 Anionianus
677 2771 776 2833 Beiss.
797 2791 826 2854 p.
846 2773 888 2833 28
908 2773 946 2853 (a.
969 2769 1053 2842 184).

243 2878 455 2962 dendrophori
480 2877 679 2963 Lug(ulduni
704 2880 912 2941 consistentes
936 2878 1036 2940 Boiss
1056 2898 1084 2960 p.
1103 2878 1143 2940 31
1165 2877 1204 2957 (ja.
1228 2875 1309 2953 196).

243 2985 360 3049 Sextus
383 2984 550 3048 Publicius
575 2992 657 3049 et..
679 3035 684 3047 .
705 3005 786 3048 anus
809 2984 938 3068 Herzog
962 2985 997 3047 G.
1017 2983 1047 3046 N
1049 2982 1113 3046 arb.
1133 2984 1206 3072 407,

241 3093 390 3156 Aufustia
401 3093 598 3156 Alexandria
616 3101 646 3156 et
656 3093 765 3176 Sergia
775 3092 974 3175 Parthenope
988 3091 1090 3153 Boiss.
1101 3075 1188 3174 pe33³
1194 3092 1205 3173 t
1207 3110 1232 3152 a.
1242 3089 1327 3170 194).

242 3199 377 3284 Septicia
386 3200 558 3263 Valeriana
581 3206 611 3264 et
631 3201 757 3284 Optatia
782 3201 881 3282 Spore
904 3199 1005 3263 Boiss.
1025 3220 1053 3282 p.
1075 3201 1116 3262 36
1137 3200 1175 3280 (a.
1198 3197 1274 3276 197)

243 3305 275 3369 C.
298 3307 451 3370 Batonius
474 3307 602 3391 Herzog
626 3308 660 3370 G.
680 3307 719 3372 N.
741 3312 758 3371 7
784 3310 823 3389 (a.
847 3307 930 3378 190).
1078 3386 1082 3392 ⁴

241 3414 409 3478 Petronius
429 3414 597 3478 Marcellus
617 3413 648 3478 C.
668 3414 691 3477 I.
714 3413 744 3476 L.
764 3414 827 3493 ΙΧ,
852 3415 940 3477 3014
964 3414 1086 3497 13016).
1105 3414 1141 3475 ct'.
1162 3434 1189 3496 p.
1210 3414 1259 3477 19.
1280 3431 1326 3493 sq.

139 3555 142 3561 ·
241 3522 407 3585 Publicius
424 3520 574 3585 Valerius
598 3521 792 3584 Fortunatus
810 3521 981 3583 Thalamus
1004 3519 1135 3603 Eplrem.
1156 3520 1250 3602 epigr.
1270 3515 1328 3598 ΙΙΙ,

72 3669 74 3672 .
155 3632 196 3691 16
222 3629 260 3712 (a.
281 3631 365 3708 238).

241 3736 398 3800 Basilicus
422 3742 453 3799 et
477 3736 620 3800 Mnesius
644 3735 675 3801 C.
696 3736 719 3800 l.
740 3734 773 3799 L.
793 3734 886 3815 Vssl,
911 3737 1006 3801 8203.
1040 3735 1077 3797 ef.
1097 3756 1125 3818 p.
1149 3737 1217 3797 19:

243 3952 268 4017 1)
288 3950 326 4003 ef.
338 3967 362 4018 p.
375 3950 416 4002 19.
436 3950 503 4002 arira
515 3953 579 4002 sunt
591 3949 674 4002 verba
692 3967 737 4002 vv.
750 3949 870 4002 11-13:
890 3949 956 4002 haee
971 3948 998 4018 (i.
1012 3966 1035 4001 e.
1049 3947 1195 4001 Concordia
1205 3945 1328 4000 Coloniae

152 4037 198 4090 lib.
216 4038 341 4092 Ianuaria
360 4039 543 4107 cymbalistria
567 4039 627 4092 loeo
651 4039 779 4108 secunde)
805 4039 882 4091 iussu
907 4038 1000 4091 Matris
1024 4039 1104 4090 deum
1127 4037 1155 4088 iu
1174 4052 1220 4089 ara
1237 4038 1328 4090 taure-

153 4126 239 4180 boliea
257 4130 380 4182 duodena
400 4145 461 4181 eum
482 4128 568 4181 vitula
587 4145 659 4181 erem
680 4129 773 4196 (atei).

242 4219 268 4281 2]
294 4220 336 4271 Ad
361 4235 392 4271 ea
417 4219 546 4287 mysteria
573 4218 712 4271 referenda
741 4234 799 4271 esse
825 4216 947 4271 existimo
973 4217 1018 4269 illa
1049 4210 1140 4287 iipmu
1168 4209 1328 4286 ιιιυστιπὼὶιι

154 4305 182 4357 C.
200 4306 219 4358 l.
240 4308 269 4360 G.
290 4308 374 4361 601‘20
395 4307 501 4376 (Kaibel
520 4308 601 4377 epigr.
624 4324 662 4378 gr.
681 4307 743 4377 823)
769 4309 797 4360 et
814 4307 955 4376 mysteria,
982 4324 1050 4375 quae
1076 4321 1128 4358 una
1152 4322 1213 4358 euru
1233 4305 1328 4373 mystis

153 4393 231 4447 affert
249 4397 287 4449 tit.
303 4397 331 4450 O.
345 4398 366 4451 Ι.
381 4399 410 4455 6,
424 4398 502 4450 6206.
883 4393 885 4397 ”
